@article{shapovalov2020tangle,
  title={Tangle-free exploration with a tethered mobile robot},
  author={Shapovalov, Danylo and Pereira, Guilherme AS},
  journal={Remote Sensing},
  volume={12},
  number={23},
  pages={3858},
  year={2020},
  publisher={MDPI}
}


@article{petit2022tape,
  title={Tape: Tether-aware path planning for autonomous exploration of unknown 3d cavities using a tangle-compatible tethered aerial robot},
  author={Petit, Louis and Desbiens, Alexis Lussier},
  journal={IEEE Robotics and Automation Letters},
  volume={7},
  number={4},
  pages={10550--10557},
  year={2022},
  publisher={IEEE}
}


@article{cao2023neptune,
  title={Neptune: nonentangling trajectory planning for multiple tethered unmanned vehicles},
  author={Cao, Muqing and Cao, Kun and Yuan, Shenghai and Nguyen, Thien-Minh and Xie, Lihua},
  journal={IEEE Transactions on Robotics},
  volume={39},
  number={4},
  pages={2786--2804},
  year={2023},
  publisher={IEEE}
}




@article{sahin2024topo,
  title={Topo-geometrically distinct path computation using neighborhood-augmented graph, and its application to path planning for a tethered robot in 3d},
  author={Sahin, Alp and Bhattacharya, Subhrajit},
  journal={IEEE Transactions on Robotics},
  year={2024},
  publisher={IEEE}
}


@inproceedings{chipade2024withy,
  title={WiTHy A*: Winding-Constrained Motion Planning for Tethered Robot using Hybrid A},
  author={Chipade, Vishnu S and Kumar, Rahul and Yong, Sze Zheng},
  booktitle={2024 IEEE International Conference on Robotics and Automation (ICRA)},
  pages={8771--8777},
  year={2024},
  organization={IEEE}
}



@inproceedings{rov_mccammon,
  title={Planning and executing optimal non-entangling paths for tethered underwater vehicles},
  author={McCammon, Seth and Hollinger, Geoffrey A},
  booktitle={2017 IEEE International Conference on Robotics and Automation (ICRA)},
  pages={3040--3046},
  year={2017},
  organization={IEEE}
}


@article{yang2022efficient,
  title={Efficient distance-optimal tethered path planning in planar environments: The workspace convexity},
  author={Yang, Tong and Xiong, Rong and Wang, Yue},
  journal={arXiv preprint arXiv:2208.03969},
  year={2022}
}


@article{bhattacharya2012topological,
  title={Topological constraints in search-based robot path planning},
  author={Bhattacharya, Subhrajit and Likhachev, Maxim and Kumar, Vijay},
  journal={Autonomous Robots},
  volume={33},
  pages={273--290},
  year={2012},
  publisher={Springer}
}



@article{shimada2024tangle,
  title={Tangle-and contact-free path planning for a tethered mobile robot using deep reinforcement learning},
  author={Shimada, Ryuki and Ishigami, Genya},
  journal={Frontiers in Robotics and AI},
  volume={11},
  pages={1388634},
  year={2024},
  publisher={Frontiers Media SA}
}

@article{definitions,
  title={Entanglement definitions for tethered robots: Exploration and analysis},
  author={Battocletti, Gianpietro and Boskos, Dimitris and Toli{\ae}, Domagoj and Palunko, Ivana and De Schutter, Bart},
  journal={IEEE access},
  year={2024},
  publisher={IEEE}
}





@inproceedings{martinez2021optimization,
  title={Optimization-based trajectory planning for tethered aerial robots},
  author={Martinez-Rozas, Sim{\'o}n and Alejo, David and Caballero, Fernando and Merino, Luis},
  booktitle={2021 IEEE International Conference on Robotics and Automation (ICRA)},
  pages={362--368},
  year={2021},
  organization={IEEE}
}


@article{zhang2019planning,
  title={Planning coordinated motions for tethered planar mobile robots},
  author={Zhang, Xu and Pham, Quang-Cuong},
  journal={Robotics and Autonomous Systems},
  volume={118},
  pages={189--203},
  year={2019},
  publisher={Elsevier}
}


@article{hert1996ties,
  title={The ties that bind: Motion planning for multiple tethered robots},
  author={Hert, Susan and Lumelsky, Vladimir},
  journal={Robotics and autonomous systems},
  volume={17},
  number={3},
  pages={187--215},
  year={1996},
  publisher={Elsevier}
}


@article{patil2023coordinating,
  title={Coordinating Tethered Autonomous Underwater Vehicles towards Entanglement-Free Navigation},
  author={Patil, Abhishek and Park, Myoungkuk and Bae, Jungyun},
  journal={Robotics},
  volume={12},
  number={3},
  pages={85},
  year={2023},
  publisher={MDPI}
}


@article{hert1999motion,
  title={Motion planning in R/sup 3/for multiple tethered robots},
  author={Hert, Susan and Lumelsky, Vladimir},
  journal={IEEE transactions on robotics and automation},
  volume={15},
  number={4},
  pages={623--639},
  year={1999},
  publisher={IEEE}
}


@article{cao2023path,
  title={Path planning for multiple tethered robots using topological braids},
  author={Cao, Muqing and Cao, Kun and Yuan, Shenghai and Liu, Kangcheng and Wong, Yan Loi and Xie, Lihua},
  journal={arXiv preprint arXiv:2305.00271},
  year={2023}
}


@inproceedings{mechsy2017novel,
  title={A novel offline coverage path planning algorithm for a tethered robot},
  author={Mechsy, LSR and Dias, MUB and Pragithmukar, W and Kulasekera, AL},
  booktitle={2017 17th International Conference on Control, Automation and Systems (ICCAS)},
  pages={218--223},
  year={2017},
  organization={IEEE}
}


@inproceedings{kim,
  title={Path planning for a tethered mobile robot},
  author={Kim, Soonkyum and Bhattacharya, Subhrajit and Kumar, Vijay},
  booktitle={2014 IEEE International Conference on Robotics and Automation (ICRA)},
  pages={1132--1139},
  year={2014},
  organization={IEEE}
}


@inproceedings{withy,
  title={WiTHy A*: Winding-Constrained Motion Planning for Tethered Robot using Hybrid A},
  author={Chipade, Vishnu S and Kumar, Rahul and Yong, Sze Zheng},
  booktitle={2024 IEEE International Conference on Robotics and Automation (ICRA)},
  pages={8771--8777},
  year={2024},
  organization={IEEE}
}


@inproceedings{bircher2015structural,
  title={Structural inspection path planning via iterative viewpoint resampling with application to aerial robotics},
  author={Bircher, Andreas and Alexis, Kostas and Burri, Michael and Oettershagen, Philipp and Omari, Sammy and Mantel, Thomas and Siegwart, Roland},
  booktitle={2015 IEEE International Conference on Robotics and Automation (ICRA)},
  pages={6423--6430},
  year={2015},
  organization={IEEE}
}


@article{tordesillas2021faster,
  title={Faster: Fast and safe trajectory planner for navigation in unknown environments},
  author={Tordesillas, Jesus and Lopez, Brett T and Everett, Michael and How, Jonathan P},
  journal={IEEE Transactions on Robotics},
  volume={38},
  number={2},
  pages={922--938},
  year={2021},
  publisher={IEEE}
}



@inproceedings{feng2024fc,
  title={Fc-planner: A skeleton-guided planning framework for fast aerial coverage of complex 3d scenes},
  author={Feng, Chen and Li, Haojia and Zhang, Mingjie and Chen, Xinyi and Zhou, Boyu and Shen, Shaojie},
  booktitle={2024 IEEE International Conference on Robotics and Automation (ICRA)},
  pages={8686--8692},
  year={2024},
  organization={IEEE}
}


@article{dang2020graph,
  title={Graph-based subterranean exploration path planning using aerial and legged robots},
  author={Dang, Tung and Tranzatto, Marco and Khattak, Shehryar and Mascarich, Frank and Alexis, Kostas and Hutter, Marco},
  journal={Journal of Field Robotics},
  volume={37},
  number={8},
  pages={1363--1388},
  year={2020},
  publisher={Wiley Online Library}
}


@inproceedings{amer2023unav,
  title={Unav-sim: A visually realistic underwater robotics simulator and synthetic data-generation framework},
  author={Amer, Abdelhakim and {\'A}lvarez-Tu{\~n}{\'o}n, Olaya and U{\u{g}}urlu, Halil {\.I}brahim and Sejersen, Jonas Le Fevre and Brodskiy, Yury and Kayacan, Erdal},
  booktitle={2023 21st International Conference on Advanced Robotics (ICAR)},
  pages={570--576},
  year={2023},
  organization={IEEE}
}


@inproceedings{amer2023visual,
  title={Visual Tracking Nonlinear Model Predictive Control Method for Autonomous Wind Turbine Inspection},
  author={Amer, Abdelhakim and Mehndiratta, Mohit and le Fevre Sejersen, Jonas and Pham, Huy Xuan and Kayacan, Erdal},
  booktitle={2023 21st International Conference on Advanced Robotics (ICAR)},
  pages={431--438},
  year={2023},
  organization={IEEE}
}


@inproceedings{nvblox,
  title={nvblox: Gpu-accelerated incremental signed distance field mapping},
  author={Millane, Alexander and Oleynikova, Helen and Wirbel, Emilie and Steiner, Remo and Ramasamy, Vikram and Tingdahl, David and Siegwart, Roland},
  booktitle={2024 IEEE International Conference on Robotics and Automation (ICRA)},
  pages={2698--2705},
  year={2024},
  organization={IEEE}
}


@article{amergp,
  title={Empowering Autonomous Underwater Vehicles Using Learning-Based Model Predictive Control With Dynamic Forgetting Gaussian Processes},
  author={Amer, Abdelhakim and Mehndiratta, Mohit and Brodskiy, Yury and Kayacan, Erdal},
  journal={IEEE Transactions on Control Systems Technology},
  year={2025},
  publisher={IEEE}
}

@inproceedings{roperrt,
  title={RRT-Rope: A deterministic shortening approach for fast near-optimal path planning in large-scale uncluttered 3D environments},
  author={Petit, Louis and Desbiens, Alexis Lussier},
  booktitle={2021 IEEE International Conference on Systems, Man, and Cybernetics (SMC)},
  pages={1111--1118},
  year={2021},
  organization={IEEE}
}


@article{ompl,
  title={The open motion planning library},
  author={Sucan, Ioan A and Moll, Mark and Kavraki, Lydia E},
  journal={IEEE Robotics \& Automation Magazine},
  volume={19},
  number={4},
  pages={72--82},
  year={2012},
  publisher={IEEE}
}


