@article{data_mpc_eth,
  title={Data-driven mpc for quadrotors},
  author={Torrente, Guillem and Kaufmann, Elia and F{\"o}hn, Philipp and Scaramuzza, Davide},
  journal={IEEE Robotics and Automation Letters},
  volume={6},
  number={2},
  pages={3769--3776},
  year={2021},
  publisher={IEEE}
}


@inproceedings{gust_indi,
  title={Gust disturbance alleviation with incremental nonlinear dynamic inversion},
  author={Smeur, Ewoud JJ and de Croon, Guido CHE and Chu, Qiping},
  booktitle={2016 IEEE/RSJ International Conference on Intelligent Robots and Systems (IROS)},
  pages={5626--5631},
  year={2016},
  organization={IEEE}
}


@article{neural_mpc,
  title={Neural-MPC: Deep Learning Model Predictive Control for Quadrotors and Agile Robotic Platforms},
  author={Salzmann, Tim and Kaufmann, Elia and Pavone, Marco and Scaramuzza, Davide and Ryll, Markus},
  journal={arXiv preprint arXiv:2203.07747},
  year={2022}
}

@article{cautious_mpc,
  title={Cautious model predictive control using gaussian process regression},
  author={Hewing, Lukas and Kabzan, Juraj and Zeilinger, Melanie N},
  journal={IEEE Transactions on Control Systems Technology},
  volume={28},
  number={6},
  pages={2736--2743},
  year={2019},
  publisher={IEEE}
}



@inproceedings{wind_estimate_cof,
  title={Wind estimation algorithm for quadrotors using detailed aerodynamic coefficients},
  author={Perozzi, Gabriele and Efimov, Denis and Biannic, Jean-Marc and Planckaert, Laurent and Coton, Patricia},
  booktitle={2018 Annual American Control Conference (ACC)},
  pages={1921--1926},
  year={2018},
  organization={IEEE}
}


@article{data_driven_mpc_arm,
  title={Data-driven model predictive control for trajectory tracking with a robotic arm},
  author={Carron, Andrea and Arcari, Elena and Wermelinger, Martin and Hewing, Lukas and Hutter, Marco and Zeilinger, Melanie N},
  journal={IEEE Robotics and Automation Letters},
  volume={4},
  number={4},
  pages={3758--3765},
  year={2019},
  publisher={IEEE}
}







@inproceedings{indi,
  title={Gust disturbance alleviation with incremental nonlinear dynamic inversion},
  author={Smeur, Ewoud JJ and de Croon, Guido CHE and Chu, Qiping},
  booktitle={2016 IEEE/RSJ International Conference on Intelligent Robots and Systems (IROS)},
  pages={5626--5631},
  year={2016},
  organization={IEEE}
}







@article{wind_measure,
  title={Wind measurement and simulation techniques in multi-rotor small unmanned aerial vehicles},
  author={Abichandani, Pramod and Lobo, Deepan and Ford, Gabriel and Bucci, Donald and Kam, Moshe},
  journal={IEEE Access},
  volume={8},
  pages={54910--54927},
  year={2020},
  publisher={IEEE}
}







@inproceedings{ekf_eth,
  title={Disturbance estimation and rejection for high-precision multirotor position control},
  author={Hentzen, Daniel and Stastny, Thomas and Siegwart, Roland and Brockers, Roland},
  booktitle={2019 IEEE/RSJ International Conference on Intelligent Robots and Systems (IROS)},
  pages={2797--2804},
  year={2019},
  organization={IEEE}
}


@article{nmhe,
  title={External force estimation and disturbance rejection for Micro Aerial Vehicles},
  author={Papadimitriou, Andreas and Jafari, Hedyeh and Mansouri, Sina Sharif and Nikolakopoulos, George},
  journal={Expert Systems with Applications},
  volume={200},
  pages={116883},
  year={2022},
  publisher={Elsevier}
}




@article{neuro_bem,
  title={Neurobem: Hybrid aerodynamic quadrotor model},
  author={Bauersfeld, Leonard and Kaufmann, Elia and Foehn, Philipp and Sun, Sihao and Scaramuzza, Davide},
  journal={arXiv preprint arXiv:2106.08015},
  year={2021}
}



@article{mpc_arm,
  title={Data-driven model predictive control for trajectory tracking with a robotic arm},
  author={Carron, Andrea and Arcari, Elena and Wermelinger, Martin and Hewing, Lukas and Hutter, Marco and Zeilinger, Melanie N},
  journal={IEEE Robotics and Automation Letters},
  volume={4},
  number={4},
  pages={3758--3765},
  year={2019},
  publisher={IEEE}
}


@article{idrissi2022review,
	title={A review of quadrotor unmanned aerial vehicles: applications, architectural design and control algorithms},
	author={Idrissi, Moad and Salami, Mohammad and Annaz, Fawaz},
	journal={Journal of Intelligent \& Robotic Systems},
	volume={104},
	number={2},
	pages={22},
	year={2022},
	publisher={Springer}
}


@book{rasmussen,
  title={Gaussian processes for machine learning},
  author={Williams, Christopher KI and Rasmussen, Carl Edward},
  volume={2},
  number={3},
  year={2006},
  publisher={MIT press Cambridge, MA}
}


@article{Loianno_learning,
  title={Learning quadrotor dynamics for precise, safe, and agile flight control},
  author={Saviolo, Alessandro and Loianno, Giuseppe},
  journal={Annual Reviews in Control},
  year={2023},
  publisher={Elsevier}
}

@article{gapt,
  title={GaPT: Gaussian Process Toolkit for Online Regression with Application to Learning Quadrotor Dynamics},
  author={Crocetti, Francesco and Mao, Jeffrey and Saviolo, Alessandro and Costante, Gabriele and Loianno, Giuseppe},
  journal={arXiv preprint arXiv:2303.08181},
  year={2023}
}

@inproceedings{mohit_gp,
  title={Gaussian process-based learning control of aerial robots for precise visualization of geological outcrops},
  author={Mehndiratta, Mohit and Kayacan, Erdal},
  booktitle={2020 European Control Conference (ECC)},
  pages={10--16},
  year={2020},
  organization={IEEE}
}

@article{cautious_mpc,
  title={Cautious model predictive control using gaussian process regression},
  author={Hewing, Lukas and Kabzan, Juraj and Zeilinger, Melanie N},
  journal={IEEE Transactions on Control Systems Technology},
  volume={28},
  number={6},
  pages={2736--2743},
  year={2019},
  publisher={IEEE}
}

@article{neural_mpc,
  title={Real-time neural MPC: Deep learning model predictive control for quadrotors and agile robotic platforms},
  author={Salzmann, Tim and Kaufmann, Elia and Arrizabalaga, Jon and Pavone, Marco and Scaramuzza, Davide and Ryll, Markus},
  journal={IEEE Robotics and Automation Letters},
  volume={8},
  number={4},
  pages={2397--2404},
  year={2023},
  publisher={IEEE}
}

@article{adaptive_sparse_gp,
  title={Adaptive Sparse Gaussian Process},
  author={G{\'o}mez-Verdejo, Vanessa and Parrado-Hern{\'a}ndez, Emilio and Mart{\'\i}nez-Ram{\'o}n, Manel},
  journal={IEEE Transactions on Neural Networks and Learning Systems},
  year={2023},
  publisher={IEEE}
}

@article{sparse_gp_indi,
  title={Sparse online Gaussian process adaptation for incremental backstepping flight control},
  author={Ignatyev, Dmitry I and Shin, Hyo-Sang and Tsourdos, Antonios},
  journal={Aerospace Science and Technology},
  volume={136},
  pages={108157},
  year={2023},
  publisher={Elsevier}
}


@article{gp_adaptive_quad,
  title={Modified Gaussian process regression based adaptive control for quadrotors},
  author={Cen, Ruping and Jiang, Tao and Tang, Pan},
  journal={Aerospace Science and Technology},
  volume={110},
  pages={106483},
  year={2021},
  publisher={Elsevier}
}

@article{data_driven_mpc,
  title={Data-driven MPC for quadrotors},
  author={Torrente, Guillem and Kaufmann, Elia and F{\"o}hn, Philipp and Scaramuzza, Davide},
  journal={IEEE Robotics and Automation Letters},
  volume={6},
  number={2},
  pages={3769--3776},
  year={2021},
  publisher={IEEE}
}


@article{asgp,
  title={Adaptive Sparse Gaussian Process},
  author={G{\'o}mez-Verdejo, Vanessa and Parrado-Hern{\'a}ndez, Emilio and Mart{\'\i}nez-Ram{\'o}n, Manel},
  journal={IEEE Transactions on Neural Networks and Learning Systems},
  year={2023},
  publisher={IEEE}
}


@inproceedings{vfe,
  title={Variational learning of inducing variables in sparse Gaussian processes},
  author={Titsias, Michalis},
  booktitle={Artificial intelligence and statistics},
  pages={567--574},
  year={2009},
  organization={PMLR}
}



@article{deisenroth2013,
  title={Gaussian processes for data-efficient learning in robotics and control},
  author={Deisenroth, Marc Peter and Fox, Dieter and Rasmussen, Carl Edward},
  journal={IEEE transactions on pattern analysis and machine intelligence},
  volume={37},
  number={2},
  pages={408--423},
  year={2013},
  publisher={IEEE}
}



@article{local_gp,
  title={Model learning with local gaussian process regression},
  author={Nguyen-Tuong, Duy and Seeger, Matthias and Peters, Jan},
  journal={Advanced Robotics},
  volume={23},
  number={15},
  pages={2015--2034},
  year={2009},
  publisher={Taylor \& Francis}
}


@article{saviolo2022physics,
  title={Physics-inspired temporal learning of quadrotor dynamics for accurate model predictive trajectory tracking},
  author={Saviolo, Alessandro and Li, Guanrui and Loianno, Giuseppe},
  journal={IEEE Robotics and Automation Letters},
  volume={7},
  number={4},
  pages={10256--10263},
  year={2022},
  publisher={IEEE}
}


@inproceedings{control_barrier,
  title={Control barrier functions for unknown nonlinear systems using gaussian processes},
  author={Jagtap, Pushpak and Pappas, George J and Zamani, Majid},
  booktitle={2020 59th IEEE Conference on Decision and Control (CDC)},
  pages={3699--3704},
  year={2020},
  organization={IEEE}
}


@inproceedings{schmid2022real,
  title={A real-time GP based MPC for quadcopters with unknown disturbances},
  author={Schmid, Niklas and Gruner, Jonas and Abbas, Hossam S and Rostalski, Philipp},
  booktitle={2022 American Control Conference (ACC)},
  pages={2051--2056},
  year={2022},
  organization={IEEE}
}


@inproceedings{rprop,
  title={Optimization of Gaussian process hyperparameters using Rprop.},
  author={Blum, Manuel and Riedmiller, Martin A},
  booktitle={ESANN},
  pages={339--344},
  year={2013}
}



@article{cg,
  title={A nonlinear conjugate gradient method with a strong global convergence property},
  author={Dai, Yu-Hong and Yuan, Yaxiang},
  journal={SIAM Journal on optimization},
  volume={10},
  number={1},
  pages={177--182},
  year={1999},
  publisher={SIAM}
}


@article{fitc_bijl,
  title={Online sparse Gaussian process regression using FITC and PITC approximations},
  author={Bijl, Hildo and van Wingerden, Jan-Willem and Sch{\"o}n, Thomas B and Verhaegen, Michel},
  journal={IFAC-PapersOnLine},
  volume={48},
  number={28},
  pages={703--708},
  year={2015},
  publisher={Elsevier}
}

@inbook{franz2009vehicle,
	title={System Design for Uncertainty},
	author={Franz, Hover and Michael, Triantafyllou},
	year={2010},
	pages={73--82},
	publisher={Massachusetts Institute of Technology},
	chapter={10}
}

@inproceedings{bouabdallah2005backstepping,
	title={Backstepping and sliding-mode techniques applied to an indoor micro quadrotor},
	author={Bouabdallah, Samir and Siegwart, Roland},
	booktitle={Proceedings of the 2005 IEEE international conference on robotics and automation},
	pages={2247--2252},
	year={2005},
	organization={IEEE}
}

@book{barfoot2017state,
	title={State estimation for robotics},
	author={Barfoot, Timothy D},
	year={2017},
	publisher={Cambridge University Press}
}

@inproceedings{spurgeon2014sliding,
	title={Sliding mode control: a tutorial},
	author={Spurgeon, Sarah},
	booktitle={2014 European Control Conference (ECC)},
	pages={2272--2277},
	year={2014},
	organization={IEEE}
}

@article{young1999control,
	title={A control engineer's guide to sliding mode control},
	author={Young, K David and Utkin, Vadim I and Ozguner, Umit},
	journal={IEEE transactions on control systems technology},
	volume={7},
	number={3},
	pages={328--342},
	year={1999},
	publisher={IEEE}
}

@inproceedings{yao2010advanced,
	title={Advanced motion control: From classical PID to nonlinear adaptive robust control},
	author={Yao, Bin and Jiang, Chang},
	booktitle={2010 11th IEEE International Workshop on Advanced Motion Control (AMC)},
	pages={815--829},
	year={2010},
	organization={IEEE}
}

@article{srinivas2012information,
	title={Information-theoretic regret bounds for gaussian process optimization in the bandit setting},
	author={Srinivas, Niranjan and Krause, Andreas and Kakade, Sham M and Seeger, Matthias W},
	journal={IEEE transactions on information theory},
	volume={58},
	number={5},
	pages={3250--3265},
	year={2012},
	publisher={IEEE}
}

@article{lederer2019uniform,
	title={Uniform error bounds for gaussian process regression with application to safe control},
	author={Lederer, Armin and Umlauft, Jonas and Hirche, Sandra},
	journal={Advances in Neural Information Processing Systems},
	volume={32},
	year={2019}
}

@inproceedings{fiedler2021practical,
	title={Practical and rigorous uncertainty bounds for gaussian process regression},
	author={Fiedler, Christian and Scherer, Carsten W and Trimpe, Sebastian},
	booktitle={Proceedings of the AAAI conference on artificial intelligence},
	volume={35},
	number={8},
	pages={7439--7447},
	year={2021}
}

@inproceedings{capone2022gaussian,
	title={Gaussian process uniform error bounds with unknown hyperparameters for safety-critical applications},
	author={Capone, Alexandre and Lederer, Armin and Hirche, Sandra},
	booktitle={International Conference on Machine Learning},
	pages={2609--2624},
	year={2022},
	organization={PMLR}
}

@book{yao1996adaptive,
	title={Adaptive robust control of nonlinear systems with application to control of mechanical systems},
	author={Yao, Bin},
	year={1996},
	publisher={University of California, Berkeley}
}

@article{hua2020novel,
	title={A Novel Robust Observer-Based Nonlinear Trajectory Tracking Control Strategy for Quadrotors},
	author={Hua, Hean and Fang, Yongchun and Zhang, Xuetao and Lu, Biao},
	journal={IEEE Transactions on Control Systems Technology},
	year={2021},
	volume={29},
	number={5},
	pages={1952--1963},
	publisher={IEEE}
}

@article{fethalla2018robust,
	title={Robust observer-based dynamic sliding mode controller for a quadrotor UAV},
	author={Fethalla, Nuradeen and Saad, Maarouf and Michalska, Hannah and Ghommam, Jawhar},
	journal={IEEE access},
	volume={6},
	pages={45846--45859},
	year={2018},
	month={August},
	publisher={IEEE}
}

@article{yang2023indi,
	title={INDI-based aggressive quadrotor flight control with position and attitude constraints},
	author={Yang, Jiesong and Cai, Zhihao and Zhao, Jiang and Wang, Zexin and Ding, Yongfei and Wang, Yingxun},
	journal={Robotics and Autonomous Systems},
	volume={159},
	pages={104292},
	year={2023},
	publisher={Elsevier}
}

@article{smeur2018cascaded,
	title={Cascaded incremental nonlinear dynamic inversion for MAV disturbance rejection},
	author={Smeur, Ewoud JJ and de Croon, Guido CHE and Chu, Qiping},
	journal={Control Engineering Practice},
	volume={73},
	pages={79--90},
	year={2018},
	publisher={Elsevier}
}

@inproceedings{lee2010geometric,
	title={Geometric tracking control of a quadrotor UAV on SE (3)},
	author={Lee, Taeyoung and Leok, Melvin and McClamroch, N Harris},
	booktitle={49th IEEE conference on decision and control (CDC)},
	pages={5420--5425},
	year={2010},
	organization={IEEE}
}

@article{chen2015disturbance,
	title={Disturbance-observer-based control and related methods—An overview},
	author={Chen, Wen-Hua and Yang, Jun and Guo, Lei and Li, Shihua},
	journal={IEEE Transactions on industrial electronics},
	volume={63},
	number={2},
	pages={1083--1095},
	year={2015},
	publisher={IEEE}
}

@article{almakhles2019robust,
	title={Robust backstepping sliding mode control for a quadrotor trajectory tracking application},
	author={Almakhles, Dhafer J},
	journal={IEEE Access},
	volume={8},
	pages={5515--5525},
	year={2019},
	publisher={IEEE}
}

@article{rios2018continuous,
	title={Continuous sliding-mode control strategies for quadrotor robust tracking: Real-time application},
	author={R{\'\i}os, H{\'e}ctor and Falc{\'o}n, Romeo and Gonz{\'a}lez, Oscar A and Dzul, Alejandro},
	journal={IEEE Transactions on Industrial Electronics},
	volume={66},
	number={2},
	pages={1264--1272},
	year={2018},
	publisher={IEEE}
}

@article{li2019robust,
	title={Robust tracking control strategy for a quadrotor using RPD-SMC and RISE},
	author={Li, Zhi and Ma, Xin and Li, Yibin},
	journal={Neurocomputing},
	volume={331},
	pages={312--322},
	year={2019},
	publisher={Elsevier}
}

@article{xian2020robust,
	title={Robust tracking control of a quadrotor unmanned aerial vehicle-suspended payload system},
	author={Xian, Bin and Yang, Sen},
	journal={IEEE/ASME Transactions on Mechatronics},
	volume={26},
	number={5},
	pages={2653--2663},
	year={2020},
	publisher={IEEE}
}

@article{xu2017composite,
	title={Composite learning finite-time control with application to quadrotors},
	author={Xu, Bin},
	journal={IEEE Transactions on systems, man, and cybernetics: systems},
	volume={48},
	number={10},
	pages={1806--1815},
	year={2017},
	publisher={IEEE}
}

@article{zou2018immersion,
	title={Immersion and invariance-based adaptive controller for quadrotor systems},
	author={Zou, Yao and Meng, Ziyang},
	journal={IEEE Transactions on Systems, Man, and Cybernetics: Systems},
	volume={49},
	number={11},
	pages={2288--2297},
	year={2018},
	publisher={IEEE}
}

@article{zhao2014nonlinear,
	title={Nonlinear robust adaptive tracking control of a quadrotor UAV via immersion and invariance methodology},
	author={Zhao, Bo and Xian, Bin and Zhang, Yao and Zhang, Xu},
	journal={IEEE Transactions on Industrial Electronics},
	volume={62},
	number={5},
	pages={2891--2902},
	year={2014},
	publisher={IEEE}
}

@article{liang2021geometric,
	title={Geometric adaptive robust hierarchical control for quadrotors with aerodynamic damping and complete inertia compensation},
	author={Liang, Weisheng and Chen, Zheng and Yao, Bin},
	journal={IEEE Transactions on Industrial Electronics},
	volume={69},
	number={12},
	pages={13213--13224},
	year={2021},
	publisher={IEEE}
}

@inproceedings{yao2003integrated,
	title={Integrated direct/indirect adaptive robust control of SISO nonlinear systems in semi-strict feedback form},
	author={Yao, Bin},
	booktitle={Proceedings of the 2003 American Control Conference, 2003.},
	volume={4},
	pages={3020--3025},
	year={2003},
	organization={IEEE}
}

@inproceedings{sharifi2010fault,
	title={Fault tolerant control of a quadrotor UAV using sliding mode control},
	author={Sharifi, Farid and Mirzaei, Mostafa and Gordon, Brandon W and Zhang, Youmin},
	booktitle={2010 conference on control and Fault-Tolerant Systems (SysTol)},
	pages={239--244},
	year={2010},
	organization={IEEE}
}

@article{wang2019quadrotor,
	title={Quadrotor fault-tolerant incremental nonsingular terminal sliding mode control},
	author={Wang, Xuerui and van Kampen, Erik-Jan and Chu, Qiping},
	journal={Aerospace Science and Technology},
	volume={95},
	pages={105514},
	year={2019},
	publisher={Elsevier}
}

@article{liu2022fixed,
	title={Fixed-time disturbance observer-based robust fault-tolerant tracking control for uncertain quadrotor UAV subject to input delay},
	author={Liu, Kang and Wang, Rujing and Zheng, Shijian and Dong, Shifeng and Sun, Guowei},
	journal={Nonlinear Dynamics},
	volume={107},
	number={3},
	pages={2363--2390},
	year={2022},
	publisher={Springer}
}

@article{wang2019quadrotor2,
	title={Quadrotor fault tolerant incremental sliding mode control driven by sliding mode disturbance observers},
	author={Wang, Xuerui and Sun, Sihao and van Kampen, Erik-Jan and Chu, Qiping},
	journal={Aerospace Science and Technology},
	volume={87},
	pages={417--430},
	year={2019},
	publisher={Elsevier}
}

@article{ahmadi2023modified,
	title={Modified adaptive discrete-time incremental nonlinear dynamic inversion control for quad-rotors in the presence of motor faults},
	author={Ahmadi, Karim and Asadi, Davood and Nabavi-Chashmi, Seyed-Yaser and Tutsoy, Onder},
	journal={Mechanical Systems and Signal Processing},
	volume={188},
	pages={109989},
	year={2023},
	publisher={Elsevier}
}

@article{hao2017nonlinear,
	title={Nonlinear adaptive fault-tolerant control for a quadrotor UAV based on immersion and invariance methodology},
	author={Hao, Wei and Xian, Bin},
	journal={Nonlinear Dynamics},
	volume={90},
	pages={2813--2826},
	year={2017},
	publisher={Springer}
}

@article{zhong2018robust,
	title={Robust actuator fault detection and diagnosis for a quadrotor UAV with external disturbances},
	author={Zhong, Yujiang and Zhang, Youmin and Zhang, Wei and Zuo, Junyi and Zhan, Hao},
	journal={IEEE Access},
	volume={6},
	pages={48169--48180},
	year={2018},
	publisher={IEEE}
}

@article{wang2020active,
	title={Active fault-tolerant control for a quadrotor helicopter against actuator faults and model uncertainties},
	author={Wang, Ban and Shen, Yanyan and Zhang, Youmin},
	journal={Aerospace Science and Technology},
	volume={99},
	pages={105745},
	year={2020},
	publisher={Elsevier}
}

@article{falcon2022robust,
	title={A robust fault diagnosis for quad-rotors: A sliding-mode observer approach},
	author={Falc{\'o}n, Romeo and R{\'\i}os, H{\'e}ctor and Dzul, Alejandro},
	journal={IEEE/ASME Transactions on Mechatronics},
	volume={27},
	number={6},
	pages={4487--4496},
	year={2022},
	publisher={IEEE}
}

@article{avram2017nonlinear,
	title={Nonlinear adaptive fault-tolerant quadrotor altitude and attitude tracking with multiple actuator faults},
	author={Avram, Remus C and Zhang, Xiaodong and Muse, Jonathan},
	journal={IEEE transactions on control systems technology},
	volume={26},
	number={2},
	pages={701--707},
	year={2017},
	publisher={IEEE}
}

@article{bangura2017thrust,
	title={Thrust control for multirotor aerial vehicles},
	author={Bangura, Moses and Mahony, Robert},
	journal={IEEE Transactions on Robotics},
	volume={33},
	number={2},
	pages={390--405},
	year={2017},
	publisher={IEEE}
}

@article{jia2017integral,
	title={Integral backstepping sliding mode control for quadrotor helicopter under external uncertain disturbances},
	author={Jia, Zhenyue and Yu, Jianqiao and Mei, Yuesong and Chen, Yongbo and Shen, Yuanchuan and Ai, Xiaolin},
	journal={Aerospace Science and Technology},
	volume={68},
	pages={299--307},
	year={2017},
	publisher={Elsevier}
}

@article{azid2021robust,
	title={Robust motion control of nonlinear quadrotor model with wind disturbance observer},
	author={Azid, Sheikh Izzal and Kumar, Krishneel and Cirrincione, Maurizio and Fagiolini, Adriano},
	journal={IEEE Access},
	volume={9},
	pages={149164--149175},
	year={2021},
	publisher={IEEE}
}

@inproceedings{zhang2016three,
	title={Three-dimensional fuzzy control of mini quadrotor UAV trajectory tracking under impact of wind disturbance},
	author={Zhang, Chi and Zhou, Xiaoguang and Zhao, Hang and Dai, Aini and Zhou, Huiling},
	booktitle={2016 International Conference on Advanced Mechatronic Systems (ICAMechS)},
	pages={372--377},
	year={2016},
	organization={IEEE}
}

@article{bisheban2020geometric,
	title={Geometric adaptive control with neural networks for a quadrotor in wind fields},
	author={Bisheban, Mahdis and Lee, Taeyoung},
	journal={IEEE Transactions on Control Systems Technology},
	volume={29},
	number={4},
	pages={1533--1548},
	year={2020},
	publisher={IEEE}
}

@article{liu2018gaussian,
	title={Gaussian processes for learning and control: A tutorial with examples},
	author={Liu, Miao and Chowdhary, Girish and Da Silva, Bruno Castra and Liu, Shih-Yuan and How, Jonathan P},
	journal={IEEE Control Systems Magazine},
	volume={38},
	number={5},
	pages={53--86},
	year={2018},
	publisher={IEEE}
}

@article{he2022adaptive,
	title={Adaptive Robust Control of Uncertain Euler--Lagrange Systems Using Gaussian Processes},
	author={He, Yongxu and Zhao, Yuxin},
	journal={IEEE Transactions on Neural Networks and Learning Systems},
	year={2022},
	publisher={IEEE}
}

@article{li2021precision,
	title={Precision motion control of an independent metering hydraulic system with nonlinear flow modeling and compensation},
	author={Li, Chen and Lyu, Litong and Helian, Bobo and Chen, Zheng and Yao, Bin},
	journal={IEEE Transactions on Industrial Electronics},
	volume={69},
	number={7},
	pages={7088--7098},
	year={2021},
	publisher={IEEE}
}

@inproceedings{titsias2009variational,
	title={Variational learning of inducing variables in sparse Gaussian processes},
	author={Titsias, Michalis},
	booktitle={Artificial intelligence and statistics},
	pages={567--574},
	year={2009},
	organization={PMLR}
}

@article{guo2017novel,
	title={A novel robust attitude control for quadrotor aircraft subject to actuator faults and wind gusts},
	author={Guo, Yuying and Jiang, Bin and Zhang, Youmin},
	journal={IEEE/CAA Journal of Automatica sinica},
	volume={5},
	number={1},
	pages={292--300},
	year={2017},
	publisher={IEEE}
}

@article{tang2021integral,
	title={An integral TSMC-based adaptive fault-tolerant control for quadrotor with external disturbances and parametric uncertainties},
	author={Tang, Pan and Zhang, Fubiao and Ye, Jianchuan and Lin, Defu},
	journal={Aerospace Science and Technology},
	volume={109},
	pages={106415},
	year={2021},
	publisher={Elsevier}
}

@incollection{chamseddine2011model,
	title={Model reference adaptive fault tolerant control of a quadrotor UAV},
	author={Chamseddine, Abbas and Zhang, Youmin and Rabbath, Camille-Alain and Apkarian, Jacob and Fulford, Cameron},
	booktitle={Infotech@ Aerospace 2011},
	pages={1606},
	year={2011}
}

@article{liu2021anti,
	title={Anti-saturation adaptive finite-time neural network based fault-tolerant tracking control for a quadrotor UAV with external disturbances},
	author={Liu, Kang and Wang, Rujing and Wang, Xiaodong and Wang, Xingxian},
	journal={Aerospace Science and Technology},
	volume={115},
	pages={106790},
	year={2021},
	publisher={Elsevier}
}

@article{yu2021fractional,
	title={Fractional order PID-based adaptive fault-tolerant cooperative control of networked unmanned aerial vehicles against actuator faults and wind effects with hardware-in-the-loop experimental validation},
	author={Yu, Ziquan and Zhang, Youmin and Jiang, Bin and Su, Chun-Yi and Fu, Jun and Jin, Ying and Chai, Tianyou},
	journal={Control Engineering Practice},
	volume={114},
	pages={104861},
	year={2021},
	publisher={Elsevier}
}

@article{sun2020incremental,
	title={Incremental nonlinear fault-tolerant control of a quadrotor with complete loss of two opposing rotors},
	author={Sun, Sihao and Wang, Xuerui and Chu, Qiping and de Visser, Coen},
	journal={IEEE Transactions on Robotics},
	volume={37},
	number={1},
	pages={116--130},
	year={2020},
	publisher={IEEE}
}

@article{sun2018high2,
	title={High-speed flight of quadrotor despite loss of single rotor},
	author={Sun, Sihao and Sijbers, Leon and Wang, Xuerui and de Visser, Coen},
	journal={IEEE Robotics and Automation Letters},
	volume={3},
	number={4},
	pages={3201--3207},
	year={2018},
	publisher={IEEE}
}


% #################################################################################
% #################################################################################
% #################################################################################
@inproceedings{Mapper,
  title={Mapper: Multi-agent path planning with evolutionary reinforcement learning in mixed dynamic environments},
  author={Liu, Zuxin and Chen, Baiming and Zhou, Hongyi and Koushik, Guru and Hebert, Martial and Zhao, Ding},
  booktitle={2020 IEEE/RSJ International Conference on Intelligent Robots and Systems (IROS)},
  pages={11748--11754},
  year={2020},
  organization={IEEE}
}
@article{keisler2022forecasting,
  title={Forecasting Global Weather with Graph Neural Networks},
  author={Keisler, Ryan},
  journal={arXiv preprint arXiv:2202.07575},
  year={2022}
}

@ARTICLE{MAG_planner,
  author={Li, Qingbiao and Lin, Weizhe and Liu, Zhe, and Prorok, Amanda},
  journal={IEEE Robotics and Automation Letters},
  title={Message-Aware Graph Attention Networks for Large-Scale Multi-Robot Path Planning}, 
  year={2021},
  volume={6},
  number={3},
  pages={5533-5540},
  doi={10.1109/LRA.2021.3077863}}
@article{dijkstra,
  title={A note on two problems in connexion with graphs},
  author={Dijkstra, Edsger W},
  journal={Numerische mathematik},
  volume={1},
  number={1},
  pages={269--271},
  year={1959},
  publisher={Springer}
} 
@inproceedings{HCA*,
  title={Cooperative pathfinding},
  author={Silver, David},
  booktitle={Proceedings of the aaai conference on artificial intelligence and interactive digital entertainment},
  volume={1},
  number={1},
  pages={117--122},
  year={2005}
}
@inproceedings{COWHCA*,
  title={Conflict-oriented windowed hierarchical cooperative A},
  author={Bnaya, Zahy and Felner, Ariel},
  booktitle={2014 IEEE International Conference on Robotics and Automation (ICRA)},
  pages={3743--3748},
  year={2014},
  organization={IEEE}
}
@article{LRA*,
  title={A mobile robot navigation exploration algorithm},
  author={Zelinsky, Alexander},
  journal={IEEE Transactions of Robotics and Automation},
  volume={8},
  number={6},
  pages={707--717},
  year={1992},
  publisher={Citeseer}
}

@inproceedings{MU,
  title={Path planning for multiple agents under uncertainty},
  author={Wagner, Glenn and Choset, Howie},
  booktitle={Twenty-Seventh International Conference on Automated Planning and Scheduling},
  year={2017}
}

@INPROCEEDINGS{M*,
  author={Wagner, Glenn and Choset, Howie},
  booktitle={2011 IEEE/RSJ International Conference on Intelligent Robots and Systems}, 
  title={M*: A complete multirobot path planning algorithm with performance bounds}, 
  year={2011},
  volume={},
  number={},
  pages={3260-3267},
  doi={10.1109/IROS.2011.6095022}}


@inproceedings{GOOGLE_ETA,
  title={Eta prediction with graph neural networks in google maps},
  author={Derrow-Pinion, Austin and She, Jennifer and Wong, David and Lange, Oliver and Hester, Todd and Perez, Luis and Nunkesser, Marc and Lee, Seongjae and Guo, Xueying and Wiltshire, Brett and others},
  booktitle={Proceedings of the 30th ACM International Conference on Information \& Knowledge Management},
  pages={3767--3776},
  year={2021}
}
@article{geft2022refined,
  title={Refined Hardness of Distance-Optimal Multi-Agent Path Finding},
  author={Geft, Tzvika and Halperin, Dan},
  journal={arXiv preprint arXiv:2203.07416},
  year={2022}
}
@inproceedings{ren2021multi,
  title={Multi-objective conflict-based search for multi-agent path finding},
  author={Ren, Zhongqiang and Rathinam, Sivakumar and Choset, Howie},
  booktitle={2021 IEEE International Conference on Robotics and Automation (ICRA)},
  pages={8786--8791},
  year={2021},
  organization={IEEE}
}
@ARTICLE{HEAT,
  author={Mo, Xiaoyu and Huang, Zhiyu and Xing, Yang and Lv, Chen},
  journal={IEEE Transactions on Intelligent Transportation Systems}, 
  title={Multi-Agent Trajectory Prediction With Heterogeneous Edge-Enhanced Graph Attention Network}, 
  year={2022},
  volume={23},
  number={7},
  pages={9554-9567},
  doi={10.1109/TITS.2022.3146300}
}
@ARTICLE{traffic_pred,  
    author={Zhao, Ling and Song, Yujiao and Zhang, Chao and Liu, Yu and Wang, Pu and Lin, Tao and Deng, Min and Li, Haifeng},  
    journal={IEEE Transactions on Intelligent Transportation Systems},
    title={T-GCN: A Temporal Graph Convolutional Network for Traffic Prediction},   year={2020},
    volume={21},
    number={9},
    pages={3848-3858},
    doi={10.1109/TITS.2019.2935152}
}
@article{battaglia2018relational,
  title={Relational inductive biases, deep learning, and graph networks},
  author={Battaglia, Peter W and Hamrick, Jessica B and Bapst, Victor and Sanchez-Gonzalez, Alvaro and Zambaldi, Vinicius and Malinowski, Mateusz and Tacchetti, Andrea and Raposo, David and Santoro, Adam and Faulkner, Ryan and others},
  journal={arXiv preprint arXiv:1806.01261},
  year={2018}
}
@inproceedings{honig2016multi,
  title={Multi-agent path finding with kinematic constraints},
  author={H{\"o}nig, Wolfgang and Kumar, TK Satish and Cohen, Liron and Ma, Hang and Xu, Hong and Ayanian, Nora and Koenig, Sven},
  booktitle={Twenty-Sixth International Conference on Automated Planning and Scheduling},
  year={2016}
}
@article{ma2017overview,
  title={Overview: Generalizations of multi-agent path finding to real-world scenarios},
  author={Ma, Hang and Koenig, Sven and Ayanian, Nora and Cohen, Liron and H{\"o}nig, Wolfgang and Kumar, TK and Uras, Tansel and Xu, Hong and Tovey, Craig and Sharon, Guni},
  journal={arXiv preprint arXiv:1702.05515},
  year={2017}
}

@book{lavalle2006planning,
  title={Planning algorithms},
  author={LaValle, Steven M},
  year={2006},
  publisher={Cambridge university press}
}

@inproceedings{ma2019searching,
  title={Searching with consistent prioritization for multi-agent path finding},
  author={Ma, Hang and Harabor, Daniel and Stuckey, Peter J and Li, Jiaoyang and Koenig, Sven},
  booktitle={Proceedings of the AAAI Conference on Artificial Intelligence},
  volume={33},
  number={01},
  pages={7643--7650},
  year={2019}
}



% #################################################################################
% #################################################################################
% #################################################################################
% #################################################################################







@inproceedings{Parlange_Msc,
  title={Vision-based autonomous navigation for wind turbine inspection using an unmanned aerial vehicle},
  author={Ren{\'e} Parlange},
  year={2019}
}

@book{nof1999handbook,
  title={Handbook of industrial robotics},
  author={Nof, Shimon Y},
  year={1999},
  publisher={John Wiley \& Sons}
}

@article{plan3d,
  title={Plan3d: Viewpoint and trajectory optimization for aerial multi-view stereo reconstruction},
  author={Hepp, Benjamin and Nie{\ss}ner, Matthias and Hilliges, Otmar},
  journal={ACM Transactions on Graphics (TOG)},
  volume={38},
  number={1},
  pages={1--17},
  year={2018},
  publisher={ACM New York, NY, USA}
}

@article{3dmodeling,
  title={Online coverage and inspection planning for 3D modeling},
  author={Song, Soohwan and Kim, Daekyum and Jo, Sungho},
  journal={Autonomous Robots},
  volume={44},
  number={8},
  pages={1431--1450},
  year={2020},
  publisher={Springer}
}


@inproceedings{stokkeland,
  title={Autonomous visual navigation of unmanned aerial vehicle for wind turbine inspection},
  author={Stokkeland, Martin and Klausen, Kristian and Johansen, Tor A},
  booktitle={2015 International Conference on Unmanned Aircraft Systems (ICUAS)},
  pages={998--1007},
  year={2015},
  organization={IEEE}
}

@inproceedings{SIP,
  title={Structural inspection path planning via iterative viewpoint resampling with application to aerial robotics},
  author={Bircher, Andreas and Alexis, Kostas and Burri, Michael and Oettershagen, Philipp and Omari, Sammy and Mantel, Thomas and Siegwart, Roland},
  booktitle={2015 IEEE International Conference on Robotics and Automation (ICRA)},
  pages={6423--6430},
  year={2015},
  organization={IEEE}
}


@article{CPP,
  title={Cooperative coverage path planning for visual inspection},
  author={Mansouri, Sina Sharif and Kanellakis, Christoforos and Fresk, Emil and Kominiak, Dariusz and Nikolakopoulos, George},
  journal={Control Engineering Practice},
  volume={74},
  pages={118--131},
  year={2018},
  publisher={Elsevier}
}





@article{coverage_survey,
  title={A survey on coverage path planning for robotics},
  author={Galceran, Enric and Carreras, Marc},
  journal={Robotics and Autonomous systems},
  volume={61},
  number={12},
  pages={1258--1276},
  year={2013},
  publisher={Elsevier}
}




@inproceedings{aarhus,
  title={Inspection Path Planning for Aerial Vehicles via Sampling-based Sequential Optimization},
  author={Shi, Liping and Mehrooz, Golizheh and Jacobsen, Rune Hylsberg},
  booktitle={2021 International Conference on Unmanned Aircraft Systems (ICUAS)},
  pages={679--687},
  year={2021},
  organization={IEEE}
}



@inproceedings{ROS,
  title={ROS: an open-source Robot Operating System},
  author={Quigley, Morgan and Conley, Ken and Gerkey, Brian and Faust, Josh and Foote, Tully and Leibs, Jeremy and Wheeler, Rob and Ng, Andrew Y and others},
  booktitle={ICRA workshop on open source software},
  volume={3},
  number={3.2},
  pages={5},
  year={2009},
  organization={Kobe, Japan}
}


@incollection{minampc,
  title={Model predictive control for trajectory tracking of unmanned aerial vehicles using robot operating system},
  author={Kamel, Mina and Stastny, Thomas and Alexis, Kostas and Siegwart, Roland},
  booktitle={Robot operating system (ROS)},
  pages={3--39},
  year={2017},
  publisher={Springer}
}


@inproceedings{NLMPC_eth,
  title={Disturbance estimation and rejection for high-precision multirotor position control},
  author={Hentzen, Daniel and Stastny, Thomas and Siegwart, Roland and Brockers, Roland},
  booktitle={2019 IEEE/RSJ International Conference on Intelligent Robots and Systems (IROS)},
  pages={2797--2804},
  year={2019},
  organization={IEEE}
}

@inproceedings{airsim,
  title={Airsim: High-fidelity visual and physical simulation for autonomous vehicles},
  author={Shah, Shital and Dey, Debadeepta and Lovett, Chris and Kapoor, Ashish},
  booktitle={Field and service robotics},
  pages={621--635},
  year={2018},
  organization={Springer}
}

@inproceedings{mohit,
  title={Gaussian process-based learning control of aerial robots for precise visualization of geological outcrops},
  author={Mehndiratta, Mohit and Kayacan, Erdal},
  booktitle={2020 European Control Conference (ECC)},
  pages={10--16},
  year={2020},
  organization={IEEE}
}


@article{alexisrobust,
  title={Robust model predictive flight control of unmanned rotorcrafts},
  author={Alexis, Kostas and Papachristos, Christos and Siegwart, Roland and Tzes, Anthony},
  journal={Journal of Intelligent \& Robotic Systems},
  volume={81},
  number={3-4},
  pages={443--469},
  year={2016},
  publisher={Springer}
}

@article{rafforobust,
  title={An integral predictive/nonlinear $H_{\infty}$ control structure for a quadrotor helicopter},
  author={Raffo, Guilherme V and Ortega, Manuel G and Rubio, Francisco R},
  journal={Automatica},
  volume={46},
  number={1},
  pages={29--39},
  year={2010},
  publisher={Elsevier}
}

@article{PIBT,
  title={Priority inheritance with backtracking for iterative multi-agent path finding},
  author={Okumura, Keisuke and Machida, Manao and D{\'e}fago, Xavier and Tamura, Yasumasa},
  journal={Artificial Intelligence},
  pages={103752},
  year={2022},
  publisher={Elsevier}
}

@article{a-star,
  doi = {10.1109/tssc.1968.300136},
  url = {https://doi.org/10.1109/tssc.1968.300136},
  year = {1968},
  publisher = {Institute of Electrical and Electronics Engineers ({IEEE})},
  volume = {4},
  number = {2},
  pages = {100--107},
  author = {Peter Hart and Nils Nilsson and Bertram Raphael},
  title = {A Formal Basis for the Heuristic Determination of Minimum Cost Paths},
  journal = {{IEEE} Transactions on Systems Science and Cybernetics}
} 
@article{chevillon2007direct,
  title={Direct multi-step estimation and forecasting},
  author={Chevillon, Guillaume},
  journal={Journal of Economic Surveys},
  volume={21},
  number={4},
  pages={746--785},
  year={2007},
  publisher={Wiley Online Library}
}

@article{forecast_survey,
  title={Machine learning for spatiotemporal sequence forecasting: A survey},
  author={Shi, Xingjian and Yeung, Dit-Yan},
  journal={arXiv preprint arXiv:1808.06865},
  year={2018}
}
@article{bengio2015scheduled,
  title={Scheduled sampling for sequence prediction with recurrent neural networks},
  author={Bengio, Samy and Vinyals, Oriol and Jaitly, Navdeep and Shazeer, Noam},
  journal={Advances in neural information processing systems},
  volume={28},
  year={2015}
}
@book{Goodfellow-et-al-2016,
    title={Deep Learning},
    author={Ian Goodfellow and Yoshua Bengio and Aaron Courville},
    publisher={MIT Press},
    note={\url{http://www.deeplearningbook.org}},
    year={2016}
}
@article{velivckovic2019neural,
  title={Neural execution of graph algorithms},
  author={Veli{\v{c}}kovi{\'c}, Petar and Ying, Rex and Padovano, Matilde and Hadsell, Raia and Blundell, Charles},
  journal={arXiv preprint arXiv:1910.10593},
  year={2019}
}
@inproceedings{temporal-conv,
  title={Spatial-temporal convolutional graph attention networks for citywide traffic flow forecasting},
  author={Zhang, Xiyue and Huang, Chao and Xu, Yong and Xia, Lianghao},
  booktitle={Proceedings of the 29th ACM international conference on information \& knowledge management},
  pages={1853--1862},
  year={2020}
}
@INPROCEEDINGS{temporal-conv-2,
  author={Zhou, Rui and Zhou, Hongyu and Gao, Huidong and Tomizuka, Masayoshi and Li, Jiachen and Xu, Zhuo},
  booktitle={2022 International Conference on Robotics and Automation (ICRA)}, 
  title={Grouptron: Dynamic Multi-Scale Graph Convolutional Networks for Group-Aware Dense Crowd Trajectory Forecasting}, 
  year={2022},
  volume={},
  number={},
  pages={805-811},
  doi={10.1109/ICRA46639.2022.9811585}}

@inproceedings{malla2021social,
  title={Social-STAGE: Spatio-Temporal Multi-Modal Future Trajectory Forecast},
  author={Malla, Srikanth and Choi, Chiho and Dariush, Behzad},
  booktitle={2021 IEEE International Conference on Robotics and Automation (ICRA)},
  pages={13938--13944},
  year={2021},
  organization={IEEE}
}


@article{temporal-attention,
  title={Graph neural network for fraud detection via spatial-temporal attention},
  author={Cheng, Dawei and Wang, Xiaoyang and Zhang, Ying and Zhang, Liqing},
  journal={IEEE Transactions on Knowledge and Data Engineering},
  year={2020},
  publisher={IEEE}
}


%% DMS
@article{Stg2seq,
  title={Stg2seq: Spatial-temporal graph to sequence model for multi-step passenger demand forecasting},
  author={Bai, Lei and Yao, Lina and Kanhere, Salil and Wang, Xianzhi and Sheng, Quan and others},
  journal={arXiv preprint arXiv:1905.10069},
  year={2019}
}
@article{StemGNN,
  title={Spectral temporal graph neural network for multivariate time-series forecasting},
  author={Cao, Defu and Wang, Yujing and Duan, Juanyong and Zhang, Ce and Zhu, Xia and Huang, Congrui and Tong, Yunhai and Xu, Bixiong and Bai, Jing and Tong, Jie and others},
  journal={Advances in neural information processing systems},
  volume={33},
  pages={17766--17778},
  year={2020}
}
@inproceedings{deep_dms_1,
  title={Unsupervised learning of video representations using lstms},
  author={Srivastava, Nitish and Mansimov, Elman and Salakhudinov, Ruslan},
  booktitle={International conference on machine learning},
  pages={843--852},
  year={2015},
  organization={PMLR}
}

@article{deep_dms_2,
  title={Action-conditional video prediction using deep networks in atari games},
  author={Oh, Junhyuk and Guo, Xiaoxiao and Lee, Honglak and Lewis, Richard L and Singh, Satinder},
  journal={Advances in neural information processing systems},
  volume={28},
  year={2015}
}


@inproceedings{push_and_swap,
  title={Push and swap: Fast cooperative path-finding with completeness guarantees},
  author={Luna, Ryan J and Bekris, Kostas E},
  booktitle={Twenty-Second International Joint Conference on Artificial Intelligence},
  year={2011}
}

%% IMS:
@article{DCRNN,
  title={Diffusion convolutional recurrent neural network: Data-driven traffic forecasting},
  author={Li, Yaguang and Yu, Rose and Shahabi, Cyrus and Liu, Yan},
  journal={arXiv preprint arXiv:1707.01926},
  year={2017}
}
@article{STGCN,
  title={Spatio-temporal graph convolutional networks: A deep learning framework for traffic forecasting},
  author={Yu, Bing and Yin, Haoteng and Zhu, Zhanxing},
  journal={arXiv preprint arXiv:1709.04875},
  year={2017}
}
@article{GaAN,
  title={Gaan: Gated attention networks for learning on large and spatiotemporal graphs},
  author={Zhang, Jiani and Shi, Xingjian and Xie, Junyuan and Ma, Hao and King, Irwin and Yeung, Dit-Yan},
  journal={arXiv preprint arXiv:1803.07294},
  year={2018}
}
@article{wavenet,
  title={Graph wavenet for deep spatial-temporal graph modeling},
  author={Wu, Zonghan and Pan, Shirui and Long, Guodong and Jiang, Jing and Zhang, Chengqi},
  journal={arXiv preprint arXiv:1906.00121},
  year={2019}
}
@inproceedings{STGRAT,
  title={ST-GRAT: A novel spatio-temporal graph attention networks for accurately forecasting dynamically changing road speed},
  author={Park, Cheonbok and Lee, Chunggi and Bahng, Hyojin and Tae, Yunwon and Jin, Seungmin and Kim, Kihwan and Ko, Sungahn and Choo, Jaegul},
  booktitle={Proceedings of the 29th ACM international conference on information \& knowledge management},
  pages={1215--1224},
  year={2020}
}
@inproceedings{hong2020heteta,
  title={Heteta: heterogeneous information network embedding for estimating time of arrival},
  author={Hong, Huiting and Lin, Yucheng and Yang, Xiaoqing and Li, Zang and Fu, Kung and Wang, Zheng and Qie, Xiaohu and Ye, Jieping},
  booktitle={Proceedings of the 26th ACM SIGKDD international conference on knowledge discovery \& data mining},
  pages={2444--2454},
  year={2020}
}

@inproceedings{Gman,
  title={Gman: A graph multi-attention network for traffic prediction},
  author={Zheng, Chuanpan and Fan, Xiaoliang and Wang, Cheng and Qi, Jianzhong},
  booktitle={Proceedings of the AAAI conference on artificial intelligence},
  volume={34},
  number={01},
  pages={1234--1241},
  year={2020}
}
@article{huang2022dueta,
  title={DuETA: Traffic Congestion Propagation Pattern Modeling via Efficient Graph Learning for ETA Prediction at Baidu Maps},
  author={Huang, Jizhou and Huang, Zhengjie and Fang, Xiaomin and Feng, Shikun and Chen, Xuyi and Liu, Jiaxiang and Yuan, Haitao and Wang, Haifeng},
  journal={arXiv preprint arXiv:2208.06979},
  year={2022}
}

 @misc{amazon-2022, 
 title={Look back on 10 years of Amazon Robotics}, url={https://www.aboutamazon.com/news/operations/10-years-of-amazon-robotics-how-robots-help-sort-packages-move-product-and-improve-safety}, 
 journal={US About Amazon},
 publisher={US About Amazon},
 author={Staff, Amazon}, 
 year={2022},
 month={Jun},
 note={visited: September 5, 2022}} 
 
@article{GAT,
  title={Graph attention networks},
  author={Velickovic, Petar and Cucurull, Guillem and Casanova, Arantxa and Romero, Adriana and Lio, Pietro and Bengio, Yoshua},
  journal={stat},
  volume={1050},
  pages={20},
  year={2017}
}

@article{CBS,
  title={Conflict-based search for optimal multi-agent pathfinding},
  author={Sharon, Guni and Stern, Roni and Felner, Ariel and Sturtevant, Nathan R},
  journal={Artificial Intelligence},
  volume={219},
  pages={40--66},
  year={2015},
  publisher={Elsevier}
}

@incollection{adaptive,
  title={Adaptive control of a quadcopter in the presence of large/complete parameter uncertainties},
  author={Achtelik, Michael and Bierling, Thomas and Wang, Jian and H{\"o}cht, Leonhard and Holzapfel, Florian},
  booktitle={Infotech@ Aerospace 2011},
  pages={1485},
  year={2011}
}

@inproceedings{l1,
  title={High-precision trajectory tracking in changing environments through L 1 adaptive feedback and iterative learning},
  author={Pereida, Karime and Duivenvoorden, Rikky RPR and Schoellig, Angela P},
  booktitle={2017 IEEE International Conference on Robotics and Automation (ICRA)},
  pages={344--350},
  year={2017},
  organization={IEEE}
}


@article{NLR,
  title={A Literature Survey on Remote Inspection of Offshore Wind Turbine Blades: Automated Inspection and Repair of Turbine Blades (AIRTuB)-WP1},
  author={Hwang, JS and Platenkamp, DJ and Beukema, RP},
  year={2021},
  publisher={Netherlands Aerospace Centre NLR}
}


@article{systemdesign,
  title={Unmanned Aerial Drones for Inspection of Offshore Wind Turbines: A Mission-Critical Failure Analysis},
  author={Shafiee, Mahmood and Zhou, Zeyu and Mei, Luyao and Dinmohammadi, Fateme and Karama, Jackson and Flynn, David},
  journal={Robotics},
  volume={10},
  number={1},
  pages={26},
  year={2021},
  publisher={Multidisciplinary Digital Publishing Institute}
}

@article{kanellakis2,
  title={Autonomous visual inspection of large-scale infrastructures using aerial robots},
  author={Kanellakis, Christoforos and Fresk, Emil and Mansouri, Sina Sharif and Kominiak, Dariusz and Nikolakopoulos, George},
  journal={arXiv preprint arXiv:1901.05510},
  year={2019}
}

@misc{web:unrealengine,
  author = {{Epic Games}},
  title = {{Unreal Engine v4.24.3}},
  note = {Last accessed 27 October 2020},
  url = {https://www.unrealengine.com}
}



@misc{dji, title={Matrice 100 - Product Information - DJI}, url={https://www.dji.com/dk/matrice100/info}, journal={DJI Official}} 








@inproceedings{Parlange_Msc,
  title={Vision-based autonomous navigation for wind turbine inspection using an unmanned aerial vehicle},
  author={Ren{\'e} Parlange},
  year={2019}
}




@article{plan3d,
  title={Plan3d: Viewpoint and trajectory optimization for aerial multi-view stereo reconstruction},
  author={Hepp, Benjamin and Nie{\ss}ner, Matthias and Hilliges, Otmar},
  journal={ACM Transactions on Graphics (TOG)},
  volume={38},
  number={1},
  pages={1--17},
  year={2018},
  publisher={ACM New York, NY, USA}
}

@article{3dmodeling,
  title={Online coverage and inspection planning for 3D modeling},
  author={Song, Soohwan and Kim, Daekyum and Jo, Sungho},
  journal={Autonomous Robots},
  volume={44},
  number={8},
  pages={1431--1450},
  year={2020},
  publisher={Springer}
}


@inproceedings{stokkeland,
  title={Autonomous visual navigation of unmanned aerial vehicle for wind turbine inspection},
  author={Stokkeland, Martin and Klausen, Kristian and Johansen, Tor A},
  booktitle={2015 International Conference on Unmanned Aircraft Systems (ICUAS)},
  pages={998--1007},
  year={2015},
  organization={IEEE}
}

@inproceedings{SIP,
  title={Structural inspection path planning via iterative viewpoint resampling with application to aerial robotics},
  author={Bircher, Andreas and Alexis, Kostas and Burri, Michael and Oettershagen, Philipp and Omari, Sammy and Mantel, Thomas and Siegwart, Roland},
  booktitle={2015 IEEE International Conference on Robotics and Automation (ICRA)},
  pages={6423--6430},
  year={2015},
  organization={IEEE}
}


@article{CPP,
  title={Cooperative coverage path planning for visual inspection},
  author={Mansouri, Sina Sharif and Kanellakis, Christoforos and Fresk, Emil and Kominiak, Dariusz and Nikolakopoulos, George},
  journal={Control Engineering Practice},
  volume={74},
  pages={118--131},
  year={2018},
  publisher={Elsevier}
}





@article{coverage_survey,
  title={A survey on coverage path planning for robotics},
  author={Galceran, Enric and Carreras, Marc},
  journal={Robotics and Autonomous systems},
  volume={61},
  number={12},
  pages={1258--1276},
  year={2013},
  publisher={Elsevier}
}




@article{survey,
  title={Survey on path and view planning for UAVs},
  author={Zhou, Xiaohui and Yi, Zimu and Liu, Yilin and Huang, Kai and Huang, Hui},
  journal={Virtual Reality \& Intelligent Hardware},
  volume={2},
  number={1},
  pages={56--69},
  year={2020},
  publisher={Elsevier}
}

@inproceedings{aarhus,
  title={Inspection Path Planning for Aerial Vehicles via Sampling-based Sequential Optimization},
  author={Shi, Liping and Mehrooz, Golizheh and Jacobsen, Rune Hylsberg},
  booktitle={2021 International Conference on Unmanned Aircraft Systems (ICUAS)},
  pages={679--687},
  year={2021},
  organization={IEEE}
}



@inproceedings{ROS,
  title={ROS: an open-source Robot Operating System},
  author={Quigley, Morgan and Conley, Ken and Gerkey, Brian and Faust, Josh and Foote, Tully and Leibs, Jeremy and Wheeler, Rob and Ng, Andrew Y and others},
  booktitle={ICRA workshop on open source software},
  volume={3},
  number={3.2},
  pages={5},
  year={2009},
  organization={Kobe, Japan}
}


@incollection{minampc,
  title={Model predictive control for trajectory tracking of unmanned aerial vehicles using robot operating system},
  author={Kamel, Mina and Stastny, Thomas and Alexis, Kostas and Siegwart, Roland},
  booktitle={Robot operating system (ROS)},
  pages={3--39},
  year={2017},
  publisher={Springer}
}


@inproceedings{NLMPC_eth,
  title={Disturbance estimation and rejection for high-precision multirotor position control},
  author={Hentzen, Daniel and Stastny, Thomas and Siegwart, Roland and Brockers, Roland},
  booktitle={2019 IEEE/RSJ International Conference on Intelligent Robots and Systems (IROS)},
  pages={2797--2804},
  year={2019},
  organization={IEEE}
}

@inproceedings{airsim,
  title={Airsim: High-fidelity visual and physical simulation for autonomous vehicles},
  author={Shah, Shital and Dey, Debadeepta and Lovett, Chris and Kapoor, Ashish},
  booktitle={Field and service robotics},
  pages={621--635},
  year={2018},
  organization={Springer}
}

@inproceedings{mohit,
  title={Gaussian process-based learning control of aerial robots for precise visualization of geological outcrops},
  author={ Mehndiratta, Mohit and Kayacan, Erdal},
  booktitle={2020 European Control Conference (ECC)},
  pages={10--16},
  year={2020},
  organization={IEEE}
}

@article{Mohit2017Receding,
  title={Receding horizon control of a 3 {DOF} helicopter using online estimation of aerodynamic parameters},
  author={Mohit. Mehndiratta and Erdal. Kayacan},
  journal={Proceedings of the Institution of Mechanical Engineers, Part G: Journal of Aerospace Engineering},
  year={2017},
  publisher={SAGE Publications},
  doi = {10.1177/0954410017703414},
}

@INPROCEEDINGS{LeePROAM2018,
author={Wilson. Lee  and Mohit. Mehndiratta and Erdal. Kayacan}, 
booktitle={Proceedings of the 3rd International Conference on Progress in Additive Manufacturing (Pro-AM 2018)}, 
title={Fly without borders with additive manufacturing: a microscale tilt-rotor tricopter design}, 
year={2018}, 
volume={}, 
number={}, 
pages={256-261}, 
doi={10.25341/D43K5G},
month={May}
}

@INPROCEEDINGS{Mohitacc201833, 
author={Mehndiratta, Mohit and Kayacan, Erdal}, 
booktitle={2018 American Control Conference (ACC)}, 
title={Online Learning-based Receding Horizon Control of Tilt-rotor Tricopter: A Cascade Implementation}, 
year={2018}, 
volume={}, 
number={}, 
pages={1-6}, 
ISSN={}, 
organization={IEEE}

}

@inproceedings{Mohitacc2018, 
  title={Online learning-based receding horizon control of tilt-rotor tricopter: A cascade implementation},
  author={Mehndiratta, Mohit and Kayacan, Erdal},
  booktitle={2018 Annual American Control Conference (ACC)},
  pages={6378--6383},
  year={2018},
  organization={IEEE}
}


@INPROCEEDINGS{Mohitccta2018a, 
author={M. Mehndiratta and E. Kayacan}, 
booktitle={2018 IEEE Conference on Control Technology and Applications (CCTA)}, 
title={Reconfigurable Fault-tolerant NMPC for Y6 Coaxial Tricopter with Complete Loss of One Rotor}, 
year={2018}, 
volume={}, 
number={}, 
pages={774-780}, 
doi={10.1109/CCTA.2018.8511444}, 
ISSN={}, 
month={Aug},}

@INPROCEEDINGS{mohit2018IROS, 
author={M. Mehndiratta and E. Camci and E. Kayacan}, 
booktitle={2018 IEEE/RSJ International Conference on Intelligent Robots and Systems (IROS)}, 
title={Automated Tuning of Nonlinear Model Predictive Controller by
Reinforcement Learning}, 
year={2018}, 
volume={}, 
number={}, 
pages={}, 
month={Oct},}

@article{mehndiratta2019a,
  title = {Learning-based Fast Nonlinear Model Predictive Control for Custom-made {3D} Printed Ground and Aerial Robots},
  language = {eng},
  publisher = {Birkhauser Verlag Basel},
  author = {Mehndiratta, Mohit and Kayacan, Erkan and Patel, Siddharth and Kayacan, Erdal and Chowdhary, Girish},
  editor = {V. Rakovic, Sasa, Levine, William},
  journal = {Control Engineering},
  year = {2019},
  issn = {23737719},
  isbn = {9783319774886, 9783319774893},
  doi = {10.1007/978-3-319-77489-3}
}


@Article{Mehndiratta2019,
author="Mohit. Mehndiratta
and Erdal. Kayacan",
title="A constrained instantaneous learning approach for aerial package delivery robots: onboard implementation and experimental results",
journal="Autonomous Robots",
year="2019",
month="Dec",
day="01",
volume="43",
number="8",
pages="2209--2228",
issn="1573-7527",
doi="10.1007/s10514-019-09875-y",
}



@article{alexisrobust,
  title={Robust model predictive flight control of unmanned rotorcrafts},
  author={Alexis, Kostas and Papachristos, Christos and Siegwart, Roland and Tzes, Anthony},
  journal={Journal of Intelligent \& Robotic Systems},
  volume={81},
  number={3-4},
  pages={443--469},
  year={2016},
  publisher={Springer}
}

@article{rafforobust,
  title={An integral predictive/nonlinear $H_{\infty}$ control structure for a quadrotor helicopter},
  author={Raffo, Guilherme V and Ortega, Manuel G and Rubio, Francisco R},
  journal={Automatica},
  volume={46},
  number={1},
  pages={29--39},
  year={2010},
  publisher={Elsevier}
}



@incollection{adaptive,
  title={Adaptive control of a quadcopter in the presence of large/complete parameter uncertainties},
  author={Achtelik, Michael and Bierling, Thomas and Wang, Jian and H{\"o}cht, Leonhard and Holzapfel, Florian},
  booktitle={Infotech@ Aerospace 2011},
  pages={1485},
  year={2011}
}

@inproceedings{l1,
  title={High-precision trajectory tracking in changing environments through L 1 adaptive feedback and iterative learning},
  author={Pereida, Karime and Duivenvoorden, Rikky RPR and Schoellig, Angela P},
  booktitle={2017 IEEE International Conference on Robotics and Automation (ICRA)},
  pages={344--350},
  year={2017},
  organization={IEEE}
}


@article{NLR,
  title={A Literature Survey on Remote Inspection of Offshore Wind Turbine Blades: Automated Inspection and Repair of Turbine Blades (AIRTuB)-WP1},
  author={Hwang, JS and Platenkamp, DJ and Beukema, RP},
  year={2021},
  journal={-},
  publisher={Netherlands Aerospace Centre NLR}
}


@article{systemdesign,
  title={Unmanned Aerial Drones for Inspection of Offshore Wind Turbines: A Mission-Critical Failure Analysis},
  author={Shafiee, Mahmood and Zhou, Zeyu and Mei, Luyao and Dinmohammadi, Fateme and Karama, Jackson and Flynn, David},
  journal={Robotics},
  volume={10},
  number={1},
  pages={26},
  year={2021},
  publisher={Multidisciplinary Digital Publishing Institute}
}

@article{kanellakis2,
  title={Autonomous visual inspection of large-scale infrastructures using aerial robots},
  author={Kanellakis, Christoforos and Fresk, Emil and Mansouri, Sina Sharif and Kominiak, Dariusz and Nikolakopoulos, George},
  journal={arXiv preprint arXiv:1901.05510},
  year={2019}
}

@misc{web:unrealengine,
  author = {{Epic Games}},
  title = {{Unreal Engine v4.24.3}},
  note = {Last accessed 27 October 2020},
  url = {https://www.unrealengine.com}
}



@misc{dji, title={Matrice 100 - Product Information - DJI}, url={https://www.dji.com/dk/matrice100/info}, journal={DJI Official}} 


@article{acado,
  title={ACADO toolkit—An open-source framework for automatic control and dynamic optimization},
  author={Houska, Boris and Ferreau, Hans Joachim and Diehl, Moritz},
  journal={Optimal Control Applications and Methods},
  volume={32},
  number={3},
  pages={298--312},
  year={2011},
  publisher={Wiley Online Library}
}



@article{vijay,
  title={Multirotor aerial vehicles: Modeling, estimation, and control of quadrotor},
  author={Mahony, Robert and Kumar, Vijay and Corke, Peter},
  journal={IEEE Robotics and Automation magazine},
  volume={19},
  number={3},
  pages={20--32},
  year={2012},
  publisher={Institute of Electrical and Electronics Engineers Inc.}
}


@inproceedings{mit,
  title={Perception-aware time optimal path parameterization for quadrotors},
  author={Spasojevic, Igor and Murali, Varun and Karaman, Sertac},
  booktitle={2020 IEEE International Conference on Robotics and Automation (ICRA)},
  pages={3213--3219},
  year={2020},
  organization={IEEE}
}

@inproceedings{target_aware,
  title={Effective target aware visual navigation for UAVs},
  author={Potena, Ciro and Nardi, Daniele and Pretto, Alberto},
  booktitle={2017 European Conference on Mobile Robots (ECMR)},
  pages={1--7},
  year={2017},
  organization={IEEE}
}


@inproceedings{differentialflatness,
  title={Perception-aware trajectory generation for aggressive quadrotor flight using differential flatness},
  author={Murali, Varun and Spasojevic, Igor and Guerra, Winter and Karaman, Sertac},
  booktitle={2019 American Control Conference (ACC)},
  pages={3936--3943},
  year={2019},
  organization={IEEE}
}


@inproceedings{VS_MPC,
  title={Fast Model Predictive Image-Based Visual Servoing for Quadrotors},
  author={Roque, Pedro and Bin, Elisa and Miraldo, Pedro and Dimarogonas, Dimos V},
  booktitle={2020 IEEE/RSJ International Conference on Intelligent Robots and Systems (IROS)},
  pages={7566--7572},
  year={2020},
  organization={IEEE}
}


@inproceedings{falanga2018pampc,
  title={PAMPC: Perception-Aware Model Predictive Control for Quadrotors},
  author={Falanga, Davide and Foehn, Philipp and Lu, Peng and Scaramuzza, Davide},
  booktitle={2018 IEEE/RSJ International Conference on Intelligent Robots and Systems (IROS)},
  pages={1--8},
  year={2018},
  organization={IEEE}
}

@inproceedings{cinema,
  title={Detection-aware trajectory generation for a drone cinematographer},
  author={Jeon, Boseong Felipe and Shim, Dongsuk and Kim, H Jin},
  booktitle={2020 IEEE/RSJ International Conference on Intelligent Robots and Systems (IROS)},
  pages={1450--1457},
  year={2020},
  organization={IEEE}
}





@inproceedings{px4,
  title={PX4: A node-based multithreaded open source robotics framework for deeply embedded platforms},
  author={Meier, Lorenz and Honegger, Dominik and Pollefeys, Marc},
  booktitle={2015 IEEE international conference on robotics and automation (ICRA)},
  pages={6235--6240},
  year={2015},
  organization={IEEE}
}

@inproceedings{ROS,
  title={ROS: an open-source Robot Operating System},
  author={Quigley, Morgan and Conley, Ken and Gerkey, Brian and Faust, Josh and Foote, Tully and Leibs, Jeremy and Wheeler, Rob and Ng, Andrew Y and others},
  booktitle={ICRA workshop on open source software},
  volume={3},
  number={3.2},
  pages={5},
  year={2009},
  organization={Kobe, Japan}
}



@article{acado2,
  title={Autogenerating microsecond solvers for nonlinear MPC: a tutorial using ACADO integrators},
  author={Quirynen, Rien and Vukov, Milan and Zanon, Mario and Diehl, Moritz},
  journal={Optimal Control Applications and Methods},
  volume={36},
  number={5},
  pages={685--704},
  year={2015},
  publisher={Wiley Online Library}
}


@inproceedings{PCMPC,
  title={Pcmpc: Perception-constrained model predictive control for quadrotors with suspended loads using a single camera and imu},
  author={Li, Guanrui and Tunchez, Alex and Loianno, Giuseppe},
  booktitle={2021 IEEE International Conference on Robotics and Automation (ICRA)},
  pages={2012--2018},
  year={2021},
  organization={IEEE}
}


@article{qpoases,
  title={qpOASES: A parametric active-set algorithm for quadratic programming},
  author={Ferreau, Hans Joachim and Kirches, Christian and Potschka, Andreas and Bock, Hans Georg and Diehl, Moritz},
  journal={Mathematical Programming Computation},
  volume={6},
  number={4},
  pages={327--363},
  year={2014},
  publisher={Springer}
}

@inproceedings{quadplux,
  title={Receding Horizon-based Fault-tolerant Control of QuadPlus: an Over-actuated Quadrotor},
  author={Mehndiratta, Mohit and Singh, Karanjot and Kayacan, Erdal and Feroskhan, Mir},
  booktitle={2021 IEEE 17th International Conference on Automation Science and Engineering (CASE)},
  pages={853--859},
  year={2021},
  organization={IEEE}
}


@article{quat2,
  title={Quaternion Modeling and Control Approaches},
  author={Abaunza, Hernan and Castillo, P and Lozano, Rogelio},
  journal={Handbook of Unmanned Aerial Vehicles; Vachtsevanos, G., Ed.; Springer: Cham, Switzerland},
  pages={1--29},
  year={2018}
}

@article{quat1,
  title={Quaternions and dynamics},
  author={Graf, Basile},
  journal={arXiv preprint arXiv:0811.2889},
  year={2008}
}



@inproceedings{mpc_tune,
  title={Automated tuning of nonlinear model predictive controller by reinforcement learning},
  author={Mehndiratta, Mohit and Camci, Efe and Kayacan, Erdal},
  booktitle={2018 IEEE/RSJ International Conference on Intelligent Robots and Systems (IROS)},
  pages={3016--3021},
  year={2018},
  organization={IEEE}
}


@article{mpc_survey,
  title={Model predictive control in aerospace systems: Current state and opportunities},
  author={Eren, Utku and Prach, Anna and Ko{\c{c}}er, Ba{\c{s}}aran Bahad{\i}r and Rakovi{\'c}, Sa{\v{s}}a V and Kayacan, Erdal and A{\c{c}}{\i}kme{\c{s}}e, Beh{\c{c}}et},
  journal={Journal of Guidance, Control, and Dynamics},
  volume={40},
  number={7},
  pages={1541--1566},
  year={2017},
  publisher={American Institute of Aeronautics and Astronautics}
}


@inproceedings{gazebo,
  title={Design and use paradigms for gazebo, an open-source multi-robot simulator},
  author={Koenig, Nathan and Howard, Andrew},
  booktitle={2004 IEEE/RSJ International Conference on Intelligent Robots and Systems (IROS)(IEEE Cat. No. 04CH37566)},
  volume={3},
  pages={2149--2154},
  organization={IEEE}
}

@phdthesis{bouabdallah2007design,
  title={Design and control of quadrotors with application to autonomous flying},
  author={Bouabdallah, Samir},
  year={2007},
  type={{PhD} dissertation},
  school={EPFL}
}

@ARTICLE{lidar,
author={Car, Marko and Markovic, Lovro and Ivanovic, Antun and Orsag, Matko and Bogdan, Stjepan},
journal={IEEE Access}, 
title={Autonomous Wind-Turbine Blade Inspection Using LiDAR-Equipped Unmanned Aerial Vehicle}, 

  year={2020},

  volume={8},

  number={},

  pages={131380-131387},

  doi={10.1109/ACCESS.2020.3009738}}


@inproceedings{lidar2,
  title={Lidar assisted camera inspection of wind turbines: experimental study},
  author={Durdevic, Petar and Ortiz-Arroyo, Daniel and Yang, Zhenyu},
  booktitle={2019 1St International Conference on Electrical, Control and Instrumentation Engineering (ICECIE)},
  pages={1--7},
  year={2019},
  organization={IEEE}
}

@inproceedings{ICUAS2020,
  title={Autonomous wind turbine inspection using a quadrotor},
  author={Gu, Weibin and Hu, Dewen and Cheng, Liang and Cao, Yabing and Rizzo, Alessandro and Valavanis, Kimon P},
  booktitle={2020 International Conference on Unmanned Aircraft Systems (ICUAS)},
  pages={709--715},
  year={2020},
  organization={IEEE}
}


@article{rtab,
  title={RTAB-Map as an open-source lidar and visual simultaneous localization and mapping library for large-scale and long-term online operation},
  author={Labb{\'e}, Mathieu and Michaud, Fran{\c{c}}ois},
  journal={Journal of Field Robotics},
  volume={36},
  number={2},
  pages={416--446},
  year={2019},
  publisher={Wiley Online Library}
}

@book{pinhole,
  title={Computer vision: algorithms and applications},
  author={Szeliski, Richard},
  year={2010},
  publisher={Springer Science \& Business Media}
}


 @misc{x7, title={Zenmuse X7 - product information - DJI}, url={https://www.dji.com/dk/zenmuse-x7/info}, journal={DJI Official}} 
 
 @article{DIEHL2002577,
title = "Real-time optimization and nonlinear model predictive control of processes governed by differential-algebraic equations",
journal = "Journal of Process Control",
volume = "12",
number = "4",
pages = "577 - 585",
year = "2002",
issn = "0959-1524",
doi = "https://doi.org/10.1016/S0959-1524(01)00023-3",
author = "Moritz Diehl and H.Georg Bock and Johannes P. Schl{\"o}der and Rolf Findeisen and Zoltan Nagy and Frank Allg{\"o}wer"
}




@article{tilt,
  title={An MPC-based position controller for a tilt-rotor tricopter VTOL UAV},
  author={Prach, Anna and Kayacan, Erdal},
  journal={Optimal control applications and methods},
  volume={39},
  number={1},
  pages={343--356},
  year={2018},
  publisher={Wiley Online Library}
}


@inproceedings{mohit_fault_tolerant_c,
  title={Reconfigurable fault-tolerant nmpc for y6 coaxial tricopter with complete loss of one rotor},
  author={Mehndiratta, Mohit and Kayacan, Erdal},
  booktitle={2018 IEEE conference on control technology and applications (CCTA)},
  pages={774--780},
  year={2018},
  organization={IEEE}
}


@ARTICLE {rotors,
    author  = "Fadri Furrer and Michael Burri and Markus Achtelik and Roland Siegwart",
    title   = "Robot Operating System (ROS)",
    journal = "Studies Comp.Intelligence Volume Number:625",
    year    = "2016",
    volume  = "The Complete Reference (Volume 1)",
    number  = "978-3-319-26052-5",
    pages   = "Chapter 23",
    note    = "ISBN:978-3-319-26052-5"
}



@article{deepmodel_mohit,
  title={Can Deep Models Help a Robot to Tune Its Controller? A Step Closer to Self-Tuning Model Predictive Controllers},
  author={Mehndiratta, Mohit and Camci, Efe and Kayacan, Erdal},
  journal={Electronics},
  volume={10},
  number={18},
  pages={2187},
  year={2021},
  publisher={Multidisciplinary Digital Publishing Institute}
}


@incollection{mohit_3dprint,
  title={Learning-based fast nonlinear model predictive control for custom-made 3D printed ground and aerial robots},
  author={Mehndiratta, Mohit and Kayacan, Erkan and Patel, Siddharth and Kayacan, Erdal and Chowdhary, Girish},
  booktitle={Handbook of Model Predictive Control},
  pages={581--605},
  year={2019},
  publisher={Springer}
}


@article{pbvs,
  title={Autonomous Removing Foreign Objects for Power Transmission Line by Using a Vision-Guided Unmanned Aerial Manipulator},
  author={Li, Ling and Zhang, Tianlin and Zhong, Hang and Li, Hongwen and Zhang, Hui and Fan, Shaosheng and Cao, Yijia},
  journal={Journal of Intelligent \& Robotic Systems},
  volume={103},
  number={2},
  pages={1--14},
  year={2021},
  publisher={Springer}
}

@article{tractor,
  title={Learning in centralized nonlinear model predictive control: Application to an autonomous tractor-trailer system},
  author={Kayacan, Erkan and Kayacan, Erdal and Ramon, Herman and Saeys, Wouter},
  journal={IEEE Transactions on Control Systems Technology},
  volume={23},
  number={1},
  pages={197--205},
  year={2014},
  publisher={IEEE}
}



@inproceedings{micha,
  title={PredictiveSLAM-Robust Visual SLAM Through Trajectory-Aware Object Masking},
  author={Hei{\ss}, Micha and Hansen, Jakob Grimm and Li, Dengyun and Koz{\l}owski, Micha{\l} and Kayacan, Erdal},
  booktitle={2023 International Conference on Unmanned Aircraft Systems (ICUAS)},
  pages={1256--1261},
  year={2023},
  organization={IEEE}
}



@inproceedings{jakob,
  title={Vessel Inspection In-the-wild: Practical Planning in Large-scale Industrial Environments},
  author={Hansen, Jakob Grimm and Hei{\ss}, Micha and Li, Dengyun and Koz{\l}owski, Micha{\l} and Kayacan, Erdal},
  booktitle={2023 American Control Conference (ACC)},
  pages={812--817},
  year={2023},
  organization={IEEE}
}


@inproceedings{aruco,
  title={Uav trajectory evaluation in large industrial environments: A cost-effective solution},
  author={Hansen, Jakob Grimm and Hei{\ss}, Micha and Kozlowski, Michal and Kayacan, Erdal},
  booktitle={2022 European Control Conference (ECC)},
  pages={1336--1341},
  year={2022},
  organization={IEEE}
}



@article{kraus_mpc,
  title={Moving horizon estimation and nonlinear model predictive control for autonomous agricultural vehicles},
  author={Kraus, Tom and Ferreau, Hans Joachim and Kayacan, Erdal and Ramon, H and De Baerdemaeker, J and Diehl, M and Saeys, W},
  journal={Computers and electronics in agriculture},
  volume={98},
  pages={25--33},
  year={2013},
  publisher={Elsevier}
}


@inproceedings{arm_mpc,
  title={Redundancy resolution based trajectory generation for dual-arm aerial manipulators via online model predictive control},
  author={Imanberdiyev, Nursultan and Kayacan, Erdal},
  booktitle={IECON 2020 The 46th Annual Conference of the IEEE Industrial Electronics Society},
  pages={674--681},
  year={2020},
  organization={IEEE}
}



@misc{unreal,
  title={Unreal Engine},
  author={Epic Games},
  howpublished={\url{https://www.unrealengine.com}},
  year={2019}
}

@inproceedings{airsim,
  title={Airsim: High-fidelity visual and physical simulation for autonomous vehicles},
  author={Shah, Shital and Dey, Debadeepta and Lovett, Chris and Kapoor, Ashish},
  booktitle={Field and service robotics},
  pages={621--635},
  year={2018},
  organization={Springer}
}


@article{dfki_survey,
  title={Recent advances in ai for navigation and control of underwater robots},
  author={Christensen, Leif and de Gea Fern{\'a}ndez, Jos{\'e} and Hildebrandt, Marc and Koch, Christian Ernst Siegfried and Wehbe, Bilal},
  journal={Current Robotics Reports},
  pages={1--11},
  year={2022},
  publisher={Springer}
}

@inproceedings{isaac,
  title={Gpu-accelerated robotic simulation for distributed reinforcement learning},
  author={Liang, Jacky and Makoviychuk, Viktor and Handa, Ankur and Chentanez, Nuttapong and Macklin, Miles and Fox, Dieter},
  booktitle={Conference on Robot Learning},
  pages={270--282},
  year={2018},
  organization={PMLR}
}



@inproceedings{uwsim,
  title={An open source tool for simulation and supervision of underwater intervention missions},
  author={Prats, Mario and Perez, Javier and Fernandez, J Javier and Sanz, Pedro J},
  booktitle={2012 IEEE/RSJ international conference on Intelligent Robots and Systems},
  pages={2577--2582},
  year={2012},
  organization={IEEE}
}


@article{survey,
  title={A review of physics simulators for robotic applications},
  author={Collins, Jack and Chand, Shelvin and Vanderkop, Anthony and Howard, David},
  journal={IEEE Access},
  volume={9},
  pages={51416--51431},
  year={2021},
  publisher={IEEE}
}

@inproceedings{dave,
  title={DAVE Aquatic Virtual Environment: Toward a general underwater robotics simulator},
  author={Zhang, Mabel M and Choi, Woen-Sug and Herman, Jessica and Davis, Duane and Vogt, Carson and McCarrin, Michael and Vijay, Yadunund and Dutia, Dharini and Lew, William and Peters, Steven and others},
  booktitle={2022 IEEE/OES Autonomous Underwater Vehicles Symposium (AUV)},
  pages={1--8},
  year={2022},
  organization={IEEE}
}



@inproceedings{holoocean,
  title={HoloOcean: An underwater robotics simulator},
  author={Potokar, Easton and Ashford, Spencer and Kaess, Michael and Mangelson, Joshua G},
  booktitle={2022 International Conference on Robotics and Automation (ICRA)},
  pages={3040--3046},
  year={2022},
  organization={IEEE}
}


@inproceedings{uuv,
  title={UUV simulator: A gazebo-based package for underwater intervention and multi-robot simulation},
  author={Manh{\~a}es, Musa Morena Marcusso and Scherer, Sebastian A and Voss, Martin and Douat, Luiz Ricardo and Rauschenbach, Thomas},
  booktitle={OCEANS 2016 MTS/IEEE Monterey},
  pages={1--8},
  year={2016},
  organization={IEEE}
}

@inproceedings{akkaynak2017space,
  title={What is the space of attenuation coefficients in underwater computer vision?},
  author={Akkaynak, Derya and Treibitz, Tali and Shlesinger, Tom and Loya, Yossi and Tamir, Raz and Iluz, David},
  booktitle={Proceedings of the IEEE Conference on Computer Vision and Pattern Recognition},
  pages={4931--4940},
  year={2017}
}


@inproceedings{marus,
  title={MARUS-a marine robotics simulator},
  author={Lon{\v{c}}ar, Ivan and Obradovi{\'c}, Juraj and Kra{\v{s}}evac, Natko and Mandi{\'c}, Luka and Kvasi{\'c}, Igor and Ferreira, Fausto and Slo{\v{s}}i{\'c}, Vladimir and Na{\dj}, {\DJ}ula and Mi{\v{s}}kovi{\'c}, Nikola},
  booktitle={OCEANS 2022, Hampton Roads},
  pages={1--7},
  year={2022},
  organization={IEEE}
}




@article{halil,
  title={Sim-to-Real Deep Reinforcement Learning for Safe End-to-End Planning of Aerial Robots},
  author={Ugurlu, Halil Ibrahim and Pham, Xuan Huy and Kayacan, Erdal},
  journal={Robotics},
  volume={11},
  number={5},
  pages={109},
  year={2022},
  publisher={MDPI}
}


@book{fossen,
  title={Handbook of marine craft hydrodynamics and motion control},
  author={Fossen, Thor I},
  year={2011},
  publisher={John Wiley \& Sons}
}

@article{acado,
  title={ACADO toolkit—An open-source framework for automatic control and dynamic optimization},
  author={Houska, Boris and Ferreau, Hans Joachim and Diehl, Moritz},
  journal={Optimal Control Applications and Methods},
  volume={32},
  number={3},
  pages={298--312},
  year={2011},
  publisher={Wiley Online Library}
}

@inproceedings{ros,
  title={ROS: an open-source Robot Operating System},
  author={Quigley, Morgan and Conley, Ken and Gerkey, Brian and Faust, Josh and Foote, Tully and Leibs, Jeremy and Wheeler, Rob and Ng, Andrew Y and others},
  booktitle={ICRA workshop on open source software},
  volume={3},
  pages={5},
  year={2009},
  organization={Kobe, Japan}
}



@article{gym,
  title={Openai gym},
  author={Brockman, Greg and Cheung, Vicki and Pettersson, Ludwig and Schneider, Jonas and Schulman, John and Tang, Jie and Zaremba, Wojciech},
  journal={arXiv preprint arXiv:1606.01540},
  year={2016}
}


@inproceedings{px4,
  title={PX4: A node-based multithreaded open source robotics framework for deeply embedded platforms},
  author={Meier, Lorenz and Honegger, Dominik and Pollefeys, Marc},
  booktitle={2015 IEEE international conference on robotics and automation (ICRA)},
  pages={6235--6240},
  year={2015},
  organization={IEEE}
}

@inproceedings{stonefish,
  title={Stonefish: An advanced open-source simulation tool designed for marine robotics, with a ros interface},
  author={Cie{\'s}lak, Patryk},
  booktitle={OCEANS 2019-Marseille},
  pages={1--6},
  year={2019},
  organization={IEEE}
}


@inproceedings{ursim,
  title={Open source simulator for unmanned underwater vehicles using ROS and Unity3D},
  author={Katara, Pushkal and Khanna, Mukul and Nagar, Harshit and Panaiyappan, Annapurani},
  booktitle={2019 IEEE Underwater Technology (UT)},
  pages={1--7},
  year={2019},
  organization={IEEE}
}

@inproceedings{vSLAM:nagappa2013single,
  title={Single cluster PHD SLAM: Application to autonomous underwater vehicles using stereo vision},
  author={Nagappa, Sharad and Palomeras, Narc{\'\i}s and Lee, Chee Sing and Gracias, Nuno and Clark, Daniel E and Salvi, Joaquim},
  booktitle={2013 MTS/IEEE OCEANS-Bergen},
  pages={1--9},
  year={2013},
  organization={IEEE}
}

@article{vSLAM:trslic2020vision,
  title={Vision-based localization system suited to resident underwater vehicles},
  author={Trsli{\'c}, Petar and Weir, Anthony and Riordan, James and Omerdic, Edin and Toal, Daniel and Dooly, Gerard},
  journal={Sensors},
  volume={20},
  number={2},
  pages={529},
  year={2020},
  publisher={MDPI}
}

@article{vSLAM:eustice2008visually,
  title={Visually augmented navigation for autonomous underwater vehicles},
  author={Eustice, Ryan M and Pizarro, Oscar and Singh, Hanumant},
  journal={IEEE Journal of oceanic Engineering},
  volume={33},
  number={2},
  pages={103--122},
  year={2008},
  publisher={IEEE}
}

@article{vSLAM:orb3,
  title={Orb-slam3: An accurate open-source library for visual, visual--inertial, and multimap slam},
  author={Campos, Carlos and Elvira, Richard and Rodr{\'\i}guez, Juan J G{\'o}mez and Montiel, Jos{\'e} MM and Tard{\'o}s, Juan D},
  journal={IEEE Transactions on Robotics},
  volume={37},
  number={6},
  pages={1874--1890},
  year={2021},
  publisher={IEEE}
}

@inproceedings{vSLAM:tartanvo,
  title={Tartanvo: A generalizable learning-based vo},
  author={Wang, Wenshan and Hu, Yaoyu and Scherer, Sebastian},
  booktitle={Conference on Robot Learning},
  pages={1761--1772},
  year={2021},
  organization={PMLR}
}

@misc{vSLAM:evo,
  title={evo: Python package for the evaluation of odometry and SLAM.},
  author={Grupp, Michael},
  howpublished={\url{https://github.com/MichaelGrupp/evo}},
  year={2017}
}

@inproceedings{vSLAM:hectorSLAM,
  title={A flexible and scalable SLAM system with full 3D motion estimation},
  author={Kohlbrecher, Stefan and Von Stryk, Oskar and Meyer, Johannes and Klingauf, Uwe},
  booktitle={2011 IEEE international symposium on safety, security, and rescue robotics},
  pages={155--160},
  year={2011},
  organization={IEEE}
}


@inproceedings{vSLAM:moore2016robot_localizationROS,
  title={A generalized extended kalman filter implementation for the robot operating system},
  author={Moore, Thomas and Stouch, Daniel},
  booktitle={Intelligent Autonomous Systems 13: Proceedings of the 13th International Conference IAS-13},
  pages={335--348},
  year={2016},
  organization={Springer}
}

@inproceedings{vSLAM:sturm2012tumrgbd,
  title={A benchmark for the evaluation of RGB-D SLAM systems},
  author={Sturm, J{\"u}rgen and Engelhard, Nikolas and Endres, Felix and Burgard, Wolfram and Cremers, Daniel},
  booktitle={2012 IEEE/RSJ international conference on intelligent robots and systems},
  pages={573--580},
  year={2012},
  organization={IEEE}
}

@inproceedings{vSLAM:gmapping,
  title={Improving grid-based slam with rao-blackwellized particle filters by adaptive proposals and selective resampling},
  author={Grisetti, Giorgio and Stachniss, Cyrill and Burgard, Wolfram},
  booktitle={Proceedings of the 2005 IEEE international conference on robotics and automation},
  pages={2432--2437},
  year={2005},
  organization={IEEE}
}

@inproceedings{vSLAM:lidarreview,
  title={Review on LiDAR-based SLAM techniques},
  author={Huang, Leyao},
  booktitle={2021 International Conference on Signal Processing and Machine Learning (CONF-SPML)},
  pages={163--168},
  year={2021},
  organization={IEEE}
}

@inproceedings{vSLAM:hectorreview1,
  title={An improved hector SLAM algorithm based on information fusion for mobile robot},
  author={Yu, Naigong and Zhang, Bo},
  booktitle={2018 5th IEEE International conference on cloud computing and intelligence systems (CCIS)},
  pages={279--284},
  year={2018},
  organization={IEEE}
}

@inproceedings{vSLAM:hectorreview2,
  title={Orientation Correction for Hector SLAM at Starting Stage},
  author={Wei, Weichen and Shirinzadeh, Bijan and Esakkiappan, Shunmugasundar and Ghafarian, Mohammadali and Al-Jodah, Ammar},
  booktitle={2019 7th International Conference on Robot Intelligence Technology and Applications (RiTA)},
  pages={125--129},
  year={2019},
  organization={IEEE}
}

@inproceedings{vSLAM:gmappingreview1,
  title={A quantitative study of tuning ROS gmapping parameters and their effect on performing indoor 2D SLAM},
  author={Abdelrasoul, Yassin and Saman, Abu Bakar Sayuti HM and Sebastian, Patrick},
  booktitle={2016 2nd IEEE international symposium on robotics and manufacturing automation (ROMA)},
  pages={1--6},
  year={2016},
  organization={IEEE}
}
@inproceedings{vSLAM:gmappingreview2,
  title={Outdoor robot navigation using Gmapping based SLAM algorithm},
  author={Balasuriya, BLEA and Chathuranga, BAH and Jayasundara, BHMD and Napagoda, NRAC and Kumarawadu, SP and Chandima, DP and Jayasekara, AGBP},
  booktitle={2016 moratuwa engineering research conference (mercon)},
  pages={403--408},
  year={2016},
  organization={IEEE}
}

@article{vSLAM:resnet,
  title={Deep residual learningfor image recognition},
  author={He, Kaiming and Zhang, Xiangyu and Ren, Shaoqing and Sun, Jian},
  journal={CoRR, abs/1512},
  volume={3385},
  pages={2},
  year={2015}
}
@inproceedings{vSLAM:sun2018pwcnet,
  title={Pwc-net: Cnns for optical flow using pyramid, warping, and cost volume},
  author={Sun, Deqing and Yang, Xiaodong and Liu, Ming-Yu and Kautz, Jan},
  booktitle={Proceedings of the IEEE conference on computer vision and pattern recognition},
  pages={8934--8943},
  year={2018}
}

@article{dfki,
  title={Recent advances in ai for navigation and control of underwater robots},
  author={Christensen, Leif and de Gea Fern{\'a}ndez, Jos{\'e} and Hildebrandt, Marc and Koch, Christian Ernst Siegfried and Wehbe, Bilal},
  journal={Current Robotics Reports},
  pages={1--11},
  year={2022},
  publisher={Springer}
}


@article{applications,
  title={Underwater robots: a review of technologies and applications},
  author={Bogue, Robert},
  journal={Industrial Robot: An International Journal},
  year={2015},
  publisher={Emerald Group Publishing Limited}
}

@article{schulman2017proximal,
  title={Proximal policy optimization algorithms},
  author={Schulman, John and Wolski, Filip and Dhariwal, Prafulla and Radford, Alec and Klimov, Oleg},
  journal={arXiv preprint arXiv:1707.06347},
  year={2017}
}

@article{stable-baselines3,
  author  = {Antonin Raffin and Ashley Hill and Adam Gleave and Anssi Kanervisto and Maximilian Ernestus and Noah Dormann},
  title   = {Stable-Baselines3: Reliable Reinforcement Learning Implementations},
  journal = {Journal of Machine Learning Research},
  year    = {2021},
  volume  = {22},
  number  = {268},
  pages   = {1-8},
  url     = {http://jmlr.org/papers/v22/20-1364.html}
}

@article{bluerovmodel,
  title={Super-twisting integral sliding mode control for trajectory tracking of an Unmanned Underwater Vehicle},
  author={Manzanilla, Adrian and Ibarra, Efra{\'\i}n and Salazar, Sergio and Zamora, {\'A}ngel E and Lozano, Rogelio and Munoz, Filiberto},
  journal={Ocean Engineering},
  volume={234},
  pages={109164},
  year={2021},
  publisher={Elsevier}
}


@misc{byu_vtol,
  author = {BYU},
  title = {byu vtol},
  year = {2013},
  publisher = {GitHub},
  journal = {GitHub repository},
  howpublished = {\url{https://github.com/byu-magicc/vtol-AirSim}}
}

@inproceedings{opendr,
  title={Opendr: An open toolkit for enabling high performance, low footprint deep learning for robotics},
  author={Pedrazzi, S and Dias, D and Ferro, F and Green, O and Kayacan, E and others},
  booktitle={2022 IEEE/RSJ International Conference on Intelligent Robots and Systems (IROS)},
  pages={12479--12484},
  year={2022},
  organization={IEEE}
}


@misc{coles,
  author = {CodexLabsLLC},
  title = {Colosseum},
  year = {2013},
  publisher = {GitHub},
  journal = {GitHub repository},
  howpublished = {\url{https://github.com/CodexLabsLLC/Colosseum}}
}


@article{SNAME,
  title={Nomenclature for treating the motion of a submerged body through a fluid},
  author={SNAME, TheSocietyofNavalArchitectureandMarineEngineers},
  journal={The Society of Naval Architects and Marine Engineers, Technical and Research Bulletin},
  pages={1--5},
  year={1950}
}


@article{integration,
  title={A first course in differential equations for scientists and engineers},
  author={Herman, Russell},
  journal={Self-Published Book},
  year={2017}
}


@incollection{huy,
  title={Deep learning for vision-based navigation in autonomous drone racing},
  author={Pham, Huy Xuan and Ugurlu, Halil Ibrahim and Le Fevre, Jonas and Bardakci, Deniz and Kayacan, Erdal},
  booktitle={Deep learning for robot perception and cognition},
  pages={371--406},
  year={2022},
  publisher={Elsevier}
}


@inproceedings{DRL_erdal,
  title={Deep reinforcement learning for motion planning of quadrotors using raw depth images},
  author={Camci, Efe and Campolo, Domenico and Kayacan, Erdal},
  booktitle={2020 International Joint Conference on Neural Networks (IJCNN)},
  pages={1--7},
  year={2020},
  organization={IEEE}
}


@inproceedings{gatenet,
  title={Gatenet: An efficient deep neural network architecture for gate perception using fish-eye camera in autonomous drone racing},
  author={Pham, Huy Xuan and Bozcan, Ilker and Sarabakha, Andriy and Haddadin, Sami and Kayacan, Erdal},
  booktitle={2021 IEEE/RSJ International Conference on Intelligent Robots and Systems (IROS)},
  pages={4176--4183},
  year={2021},
  organization={IEEE}
}

@article{pencil,
  title={Pencilnet: Zero-shot sim-to-real transfer learning for robust gate perception in autonomous drone racing},
  author={Pham, Huy Xuan and Sarabakha, Andriy and Odnoshyvkin, Mykola and Kayacan, Erdal},
  journal={IEEE Robotics and Automation Letters},
  volume={7},
  number={4},
  pages={11847--11854},
  year={2022},
  publisher={IEEE}
}


@article{inspect,
  title={QuicaBot: Quality inspection and assessment robot},
  author={Yan, Rui-Jun and Kayacan, Erdal and Chen, I-Ming and Tiong, Lee Kong and Wu, Jing},
  journal={IEEE Transactions on Automation Science and Engineering},
  volume={16},
  number={2},
  pages={506--517},
  year={2018},
  publisher={IEEE}
}


@inproceedings{jonas,
  title={Safe vessel navigation visually aided by autonomous unmanned aerial vehicles in congested harbors and waterways},
  author={le Fevre Sejersen, Jonas and De Figueiredo, Rui Pimentel and Kayacan, Erdal},
  booktitle={2021 IEEE 17th International Conference on Automation Science and Engineering (CASE)},
  pages={1901--1907},
  year={2021},
  organization={IEEE}
}


@article{rice,
  title={An aerial robot for rice farm quality inspection with type-2 fuzzy neural networks tuned by particle swarm optimization-sliding mode control hybrid algorithm},
  author={Camci, Efe and Kripalani, Devesh Raju and Ma, Linlu and Kayacan, Erdal and Khanesar, Mojtaba Ahmadieh},
  journal={Swarm and evolutionary computation},
  volume={41},
  pages={1--8},
  year={2018},
  publisher={Elsevier}
}


@inproceedings{mohit,
  title={Gaussian process-based learning control of aerial robots for precise visualization of geological outcrops},
  author={Mehndiratta, Mohit and Kayacan, Erdal},
  booktitle={2020 European Control Conference (ECC)},
  pages={10--16},
  year={2020},
  organization={IEEE}
}

@article{loquercio2021learning,
  title={Learning high-speed flight in the wild},
  author={Loquercio, Antonio and Kaufmann, Elia and Ranftl, Ren{\'e} and M{\"u}ller, Matthias and Koltun, Vladlen and Scaramuzza, Davide},
  journal={Science Robotics},
  volume={6},
  number={59},
  pages={eabg5810},
  year={2021},
  publisher={American Association for the Advancement of Science}
}


@misc{ardu,
  title={SITL simulator (software in the loop)},
  author={Team, ArduPilot Dev},
  year={2016},
  publisher={ArduPilot}
}



@article{pypose,
  title={PyPose: A Library for Robot Learning with Physics-based Optimization},
  author={Wang, Chen and Gao, Dasong and Xu, Kuan and Geng, Junyi and Hu, Yaoyu and Qiu, Yuheng and Li, Bowen and Yang, Fan and Moon, Brady and Pandey, Abhinav and others},
  journal={arXiv preprint arXiv:2209.15428},
  year={2022}
}


@phdthesis{bluerov2_h,
  title={6-dof modelling and control of a remotely operated vehicle},
  author={Wu, Chu-Jou},
  year={2018},
  school={Flinders University, College of Science and Engineering.}
}

@article{mimir23,
  title={MIMIR-UW: A Multipurpose Synthetic Dataset for Underwater Navigation and Inspection},
  author={Álvarez-Tuñón, Olaya and Kanner, Hemanth and Ribeiro Marnet, Luiza and Xuy Pham, Huy and le Fevre Sejersen, Jonas and Brodskiy, Yury and Kayacan, Erdal},
  journal={2023 IEEE/RSJ International Conference on Intelligent Robots and Systems (IROS)},
  year={2023},
  organization={IEEE}
}




@inproceedings{schlick,
  title={A rendering algorithm for discrete volume density objects},
  author={Blasi, Philippe and Le Saec, Bertrand and Schlick, Christophe},
  booktitle={Computer Graphics Forum},
  volume={12},
  pages={201--210},
  year={1993},
  organization={Wiley Online Library}
}


@article{olaya,
  title={Generation and processing of simulated underwater images for infrastructure visual inspection with uuvs},
  author={{\'A}lvarez-Tu{\~n}{\'o}n, Olaya and Jard{\'o}n, Alberto and Balaguer, Carlos},
  journal={Sensors},
  volume={19},
  number={24},
  pages={5497},
  year={2019},
  publisher={MDPI}
}



@inproceedings{vessel_inspection,
  title={Vessel Inspection In-the-wild: Practical Planning in Large-scale Industrial Environments},
  author={Hansen, Jakob Grimm and Hei{\ss}, Micha and Li, Dengyun and Koz{\l}owski, Micha{\l} and Kayacan, Erdal},
  booktitle={2023 American Control Conference (ACC)},
  pages={812--817},
  year={2023},
  organization={IEEE}
}


@inproceedings{vessel_inspection,
  title={Vessel Inspection In-the-wild: Practical Planning in Large-scale Industrial Environments},
  author={Hansen, Jakob Grimm and Hei{\ss}, Micha and Li, Dengyun and Koz{\l}owski, Micha{\l} and Kayacan, Erdal},
  booktitle={2023 American Control Conference (ACC)},
  pages={812--817},
  year={2023},
  organization={IEEE}
}


@inproceedings{vessel_inspection,
  title={Vessel Inspection In-the-wild: Practical Planning in Large-scale Industrial Environments},
  author={Hansen, Jakob Grimm and Hei{\ss}, Micha and Li, Dengyun and Koz{\l}owski, Micha{\l} and Kayacan, Erdal},
  booktitle={2023 American Control Conference (ACC)},
  pages={812--817},
  year={2023},
  organization={IEEE}
}


@article{olaya_survey,
  title={Monocular visual simultaneous localization and mapping:(r) evolution from geometry to deep learning-based pipelines},
  author={{\'A}lvarez-Tu{\~n}{\'o}n, Olaya and Brodskiy, Yury and Kayacan, Erdal},
  journal={IEEE Transactions on Artificial Intelligence},
  year={2023},
  publisher={IEEE}
}



%%%% Guide til bibtex og litteratur.bib %%%%

% Alle kilder angives efter Harvard-metoden og vil i rapporten fremstaa med [FORFATTER, AAR] eller mere praecist [EFTERNAVN, AAR].

% Nederst findes eksempler paa kildeangivelser af typerne manual, book, article, techreport og misc.
	% - Manual bruges ved henvisninger fra internettet, idet \url-funktionen findes her
	% - Book bruges ved helt almindelige boeger
	% - Article bruges ved artikler og udgivelser
	% - Techreport kan bruges ved mindre udgivelser, hvor kun titel, forfatter og AAR er noedvendig eller tilgaengelig
	% - Misc kan bruges ved det, der falder udenfor de andre kategorier - interview, forelaesninger, foredrag osv. 

% Hvis der er flere forfattere paa en kilde, SKAL de listes med 'and' imellem dem - ogsaa ved 3 og derover (f.eks. FORFATTER 1 and FORFATTER 2 and FORFATTER 3). NAAR kildelisten bygges i rapporten, vil der ved 2 forfattere komme til at staa [EFTERNAVN 1 og EFTERNAVN 2, AAR] og ved 3 forfattere og derover komme til at staa [EFTERNAVN 1 et. al, AAR]. 

% Ved almindelige forfatternavne skal der vaere ét saet tuborg-parenteser ved Author (f.eks. author = {H. C. Andersen}). Ved andre navne (f.eks. virksomheder, hjemmesider, grupper, raad, naevn osv.) skal der vaere 2 saet tuborg-parenteser ved Author (f.eks. author = {{Dansk Standard}}). Begrundelse: med 2 saet tuborg-parenteser skrives hele parentesen ud som forfatter, [Dansk Standard, AAR]. Alternativt ville der i eksemplet bare komme til at staa [Standard, AAR].

%-----------------------------------------------------%


@article{DD-MPC,
  title={Data-driven model predictive control with stability and robustness guarantees},
  author={Berberich, Julian and K{\"o}hler, Johannes and M{\"u}ller, Matthias A and Allg{\"o}wer, Frank},
  journal={IEEE Transactions on Automatic Control},
  volume={66},
  number={4},
  pages={1702--1717},
  year={2020},
  publisher={IEEE}
}


@article{sindy,
  title={Discovering governing equations from data by sparse identification of nonlinear dynamical systems},
  author={Brunton, Steven L and Proctor, Joshua L and Kutz, J Nathan},
  journal={Proceedings of the national academy of sciences},
  volume={113},
  number={15},
  pages={3932--3937},
  year={2016},
  publisher={National Acad Sciences}
}


@book{arx,
  title={Nonlinear system identification: NARMAX methods in the time, frequency, and spatio-temporal domains},
  author={Billings, Stephen A},
  year={2013},
  publisher={John Wiley \& Sons}
}


@article{dmd,
  title={Dynamic mode decomposition of numerical and experimental data},
  author={Schmid, Peter J},
  journal={Journal of fluid mechanics},
  volume={656},
  pages={5--28},
  year={2010},
  publisher={Cambridge University Press}
}


@article{NN,
  title={Model predictive control using neural networks},
  author={Draeger, Andreas and Engell, Sebastian and Ranke, Horst},
  journal={IEEE Control Systems Magazine},
  volume={15},
  number={5},
  pages={61--66},
  year={1995},
  publisher={IEEE}
}



@article{eigen,
  title={An eigensystem realization algorithm for modal parameter identification and model reduction},
  author={Juang, Jer-Nan and Pappa, Richard S},
  journal={Journal of guidance, control, and dynamics},
  volume={8},
  number={5},
  pages={620--627},
  year={1985}
}


@article{tape,
  title={Tape: Tether-aware path planning for autonomous exploration of unknown 3d cavities using a tangle-compatible tethered aerial robot},
  author={Petit, Louis and Desbiens, Alexis Lussier},
  journal={IEEE Robotics and Automation Letters},
  volume={7},
  number={4},
  pages={10550--10557},
  year={2022},
  publisher={IEEE}
}


@inproceedings{tether,
  title={Planning and executing optimal non-entangling paths for tethered underwater vehicles},
  author={McCammon, Seth and Hollinger, Geoffrey A},
  booktitle={2017 IEEE International Conference on Robotics and Automation (ICRA)},
  pages={3040--3046},
  year={2017},
  organization={IEEE}
}



@article{safety_filter,
  title={A predictive safety filter for learning-based control of constrained nonlinear dynamical systems},
  author={Wabersich, Kim Peter and Zeilinger, Melanie N},
  journal={Automatica},
  volume={129},
  pages={109597},
  year={2021},
  publisher={Elsevier}
}

@article{multitask,
  title={Bayesian multi-task learning MPC for robotic mobile manipulation},
  author={Arcari, Elena and Minniti, Maria Vittoria and Scampicchio, Anna and Carron, Andrea and Farshidian, Farbod and Hutter, Marco and Zeilinger, Melanie N},
  journal={IEEE Robotics and Automation Letters},
  year={2023},
  publisher={IEEE}
}



@article{local_go,
  title={Model learning with local gaussian process regression},
  author={Nguyen-Tuong, Duy and Seeger, Matthias and Peters, Jan},
  journal={Advanced Robotics},
  volume={23},
  number={15},
  pages={2015--2034},
  year={2009},
  publisher={Taylor \& Francis}
}



@inproceedings{vtnmpc,
  title={Visual Tracking Nonlinear Model Predictive Control Method for Autonomous Wind Turbine Inspection},
  author={Amer, Abdelhakim and Mehndiratta, Mohit and le Fevre Sejersen, Jonas and Pham, Huy Xuan and Kayacan, Erdal},
  booktitle={2023 21st International Conference on Advanced Robotics (ICAR)},
  pages={431--438},
  year={2023},
  organization={IEEE}
}

@inproceedings{unav,
  title={UNav-Sim: A Visually Realistic Underwater Robotics Simulator and Synthetic Data-generation Framework},
  author={Amer, Abdelhakim and {\'A}lvarez-Tu{\~n}{\'o}n, Olaya and U{\u{g}}urlu, Halil {\.I}brahim and Sejersen, Jonas Le Fevre and Brodskiy, Yury and Kayacan, Erdal},
  booktitle={2023 21st International Conference on Advanced Robotics (ICAR)},
  pages={570--576},
  year={2023},
  organization={IEEE}
}

@article{nmpc_rov,
  title={A nonlinear model predictive controller for remotely operated underwater vehicles with disturbance rejection},
  author={Cao, Yu and Li, Boyang and Li, Qian and Stokes, Adam A and Ingram, David M and Kiprakis, Aristides},
  journal={IEEE Access},
  volume={8},
  pages={158622--158634},
  year={2020},
  publisher={IEEE}
}


@article{de2023station,
  title={Station-keeping of a ROV under wave disturbance: Modeling and control design},
  author={de Oliveira, {\'E}verton L and Donha, D{\'e}cio C and de T Fleury, Agenor and de Barros, Ettore A},
  journal={Proceedings of the Institution of Mechanical Engineers, Part M: Journal of Engineering for the Maritime Environment},
  volume={237},
  number={2},
  pages={455--477},
  year={2023},
  publisher={SAGE Publications Sage UK: London, England}
}


@article{long2021trajectory,
  title={Trajectory tracking control of ROVs considering external disturbances and measurement noises using ESKF-based MPC},
  author={Long, Chengqi and Qin, Xiaohui and Bian, Yougang and Hu, Manjiang},
  journal={Ocean Engineering},
  volume={241},
  pages={109991},
  year={2021},
  publisher={Elsevier}
}







@inproceedings{Parlange_Msc,
  title={Vision-based autonomous navigation for wind turbine inspection using an unmanned aerial vehicle},
  author={Ren{\'e} Parlange},
  year={2019}
}




@article{plan3d,
  title={Plan3d: Viewpoint and trajectory optimization for aerial multi-view stereo reconstruction},
  author={Hepp, Benjamin and Nie{\ss}ner, Matthias and Hilliges, Otmar},
  journal={ACM Transactions on Graphics (TOG)},
  volume={38},
  number={1},
  pages={1--17},
  year={2018},
  publisher={ACM New York, NY, USA}
}

@article{3dmodeling,
  title={Online coverage and inspection planning for 3D modeling},
  author={Song, Soohwan and Kim, Daekyum and Jo, Sungho},
  journal={Autonomous Robots},
  volume={44},
  number={8},
  pages={1431--1450},
  year={2020},
  publisher={Springer}
}


@inproceedings{stokkeland,
  title={Autonomous visual navigation of unmanned aerial vehicle for wind turbine inspection},
  author={Stokkeland, Martin and Klausen, Kristian and Johansen, Tor A},
  booktitle={2015 International Conference on Unmanned Aircraft Systems (ICUAS)},
  pages={998--1007},
  year={2015},
  organization={IEEE}
}

@inproceedings{SIP,
  title={Structural inspection path planning via iterative viewpoint resampling with application to aerial robotics},
  author={Bircher, Andreas and Alexis, Kostas and Burri, Michael and Oettershagen, Philipp and Omari, Sammy and Mantel, Thomas and Siegwart, Roland},
  booktitle={2015 IEEE International Conference on Robotics and Automation (ICRA)},
  pages={6423--6430},
  year={2015},
  organization={IEEE}
}


@article{CPP,
  title={Cooperative coverage path planning for visual inspection},
  author={Mansouri, Sina Sharif and Kanellakis, Christoforos and Fresk, Emil and Kominiak, Dariusz and Nikolakopoulos, George},
  journal={Control Engineering Practice},
  volume={74},
  pages={118--131},
  year={2018},
  publisher={Elsevier}
}





@article{coverage_survey,
  title={A survey on coverage path planning for robotics},
  author={Galceran, Enric and Carreras, Marc},
  journal={Robotics and Autonomous systems},
  volume={61},
  number={12},
  pages={1258--1276},
  year={2013},
  publisher={Elsevier}
}




@article{survey,
  title={Survey on path and view planning for UAVs},
  author={Zhou, Xiaohui and Yi, Zimu and Liu, Yilin and Huang, Kai and Huang, Hui},
  journal={Virtual Reality \& Intelligent Hardware},
  volume={2},
  number={1},
  pages={56--69},
  year={2020},
  publisher={Elsevier}
}

@inproceedings{aarhus,
  title={Inspection Path Planning for Aerial Vehicles via Sampling-based Sequential Optimization},
  author={Shi, Liping and Mehrooz, Golizheh and Jacobsen, Rune Hylsberg},
  booktitle={2021 International Conference on Unmanned Aircraft Systems (ICUAS)},
  pages={679--687},
  year={2021},
  organization={IEEE}
}



@inproceedings{ROS,
  title={ROS: an open-source Robot Operating System},
  author={Quigley, Morgan and Conley, Ken and Gerkey, Brian and Faust, Josh and Foote, Tully and Leibs, Jeremy and Wheeler, Rob and Ng, Andrew Y and others},
  booktitle={ICRA workshop on open source software},
  volume={3},
  number={3.2},
  pages={5},
  year={2009},
  organization={Kobe, Japan}
}


@incollection{minampc,
  title={Model predictive control for trajectory tracking of unmanned aerial vehicles using robot operating system},
  author={Kamel, Mina and Stastny, Thomas and Alexis, Kostas and Siegwart, Roland},
  booktitle={Robot operating system (ROS)},
  pages={3--39},
  year={2017},
  publisher={Springer}
}


@inproceedings{NLMPC_eth,
  title={Disturbance estimation and rejection for high-precision multirotor position control},
  author={Hentzen, Daniel and Stastny, Thomas and Siegwart, Roland and Brockers, Roland},
  booktitle={2019 IEEE/RSJ International Conference on Intelligent Robots and Systems (IROS)},
  pages={2797--2804},
  year={2019},
  organization={IEEE}
}

@inproceedings{airsim,
  title={Airsim: High-fidelity visual and physical simulation for autonomous vehicles},
  author={Shah, Shital and Dey, Debadeepta and Lovett, Chris and Kapoor, Ashish},
  booktitle={Field and service robotics},
  pages={621--635},
  year={2018},
  organization={Springer}
}

@inproceedings{mohit,
  title={Gaussian process-based learning control of aerial robots for precise visualization of geological outcrops},
  author={ Mehndiratta, Mohit and Kayacan, Erdal},
  booktitle={2020 European Control Conference (ECC)},
  pages={10--16},
  year={2020},
  organization={IEEE}
}

@article{Mohit2017Receding,
  title={Receding horizon control of a 3 {DOF} helicopter using online estimation of aerodynamic parameters},
  author={Mohit. Mehndiratta and Erdal. Kayacan},
  journal={Proceedings of the Institution of Mechanical Engineers, Part G: Journal of Aerospace Engineering},
  year={2017},
  publisher={SAGE Publications},
  doi = {10.1177/0954410017703414},
}

@INPROCEEDINGS{LeePROAM2018,
author={Wilson. Lee  and Mohit. Mehndiratta and Erdal. Kayacan}, 
booktitle={Proceedings of the 3rd International Conference on Progress in Additive Manufacturing (Pro-AM 2018)}, 
title={Fly without borders with additive manufacturing: a microscale tilt-rotor tricopter design}, 
year={2018}, 
volume={}, 
number={}, 
pages={256-261}, 
doi={10.25341/D43K5G},
month={May}
}

@INPROCEEDINGS{Mohitacc201833, 
author={Mehndiratta, Mohit and Kayacan, Erdal}, 
booktitle={2018 American Control Conference (ACC)}, 
title={Online Learning-based Receding Horizon Control of Tilt-rotor Tricopter: A Cascade Implementation}, 
year={2018}, 
volume={}, 
number={}, 
pages={1-6}, 
ISSN={}, 
organization={IEEE}

}

@inproceedings{Mohitacc2018, 
  title={Online learning-based receding horizon control of tilt-rotor tricopter: A cascade implementation},
  author={Mehndiratta, Mohit and Kayacan, Erdal},
  booktitle={2018 Annual American Control Conference (ACC)},
  pages={6378--6383},
  year={2018},
  organization={IEEE}
}


@INPROCEEDINGS{Mohitccta2018a, 
author={M. Mehndiratta and E. Kayacan}, 
booktitle={2018 IEEE Conference on Control Technology and Applications (CCTA)}, 
title={Reconfigurable Fault-tolerant NMPC for Y6 Coaxial Tricopter with Complete Loss of One Rotor}, 
year={2018}, 
volume={}, 
number={}, 
pages={774-780}, 
doi={10.1109/CCTA.2018.8511444}, 
ISSN={}, 
month={Aug},}

@INPROCEEDINGS{mohit2018IROS, 
author={M. Mehndiratta and E. Camci and E. Kayacan}, 
booktitle={2018 IEEE/RSJ International Conference on Intelligent Robots and Systems (IROS)}, 
title={Automated Tuning of Nonlinear Model Predictive Controller by
Reinforcement Learning}, 
year={2018}, 
volume={}, 
number={}, 
pages={}, 
month={Oct},}

@article{mehndiratta2019a,
  title = {Learning-based Fast Nonlinear Model Predictive Control for Custom-made {3D} Printed Ground and Aerial Robots},
  language = {eng},
  publisher = {Birkhauser Verlag Basel},
  author = {Mehndiratta, Mohit and Kayacan, Erkan and Patel, Siddharth and Kayacan, Erdal and Chowdhary, Girish},
  editor = {V. Rakovic, Sasa, Levine, William},
  journal = {Control Engineering},
  year = {2019},
  issn = {23737719},
  isbn = {9783319774886, 9783319774893},
  doi = {10.1007/978-3-319-77489-3}
}


@Article{Mehndiratta2019,
author="Mohit. Mehndiratta
and Erdal. Kayacan",
title="A constrained instantaneous learning approach for aerial package delivery robots: onboard implementation and experimental results",
journal="Autonomous Robots",
year="2019",
month="Dec",
day="01",
volume="43",
number="8",
pages="2209--2228",
issn="1573-7527",
doi="10.1007/s10514-019-09875-y",
}



@article{alexisrobust,
  title={Robust model predictive flight control of unmanned rotorcrafts},
  author={Alexis, Kostas and Papachristos, Christos and Siegwart, Roland and Tzes, Anthony},
  journal={Journal of Intelligent \& Robotic Systems},
  volume={81},
  number={3-4},
  pages={443--469},
  year={2016},
  publisher={Springer}
}

@article{rafforobust,
  title={An integral predictive/nonlinear $H_{\infty}$ control structure for a quadrotor helicopter},
  author={Raffo, Guilherme V and Ortega, Manuel G and Rubio, Francisco R},
  journal={Automatica},
  volume={46},
  number={1},
  pages={29--39},
  year={2010},
  publisher={Elsevier}
}



@incollection{adaptive,
  title={Adaptive control of a quadcopter in the presence of large/complete parameter uncertainties},
  author={Achtelik, Michael and Bierling, Thomas and Wang, Jian and H{\"o}cht, Leonhard and Holzapfel, Florian},
  booktitle={Infotech@ Aerospace 2011},
  pages={1485},
  year={2011}
}

@inproceedings{l1,
  title={High-precision trajectory tracking in changing environments through L 1 adaptive feedback and iterative learning},
  author={Pereida, Karime and Duivenvoorden, Rikky RPR and Schoellig, Angela P},
  booktitle={2017 IEEE International Conference on Robotics and Automation (ICRA)},
  pages={344--350},
  year={2017},
  organization={IEEE}
}


@article{NLR,
  title={A Literature Survey on Remote Inspection of Offshore Wind Turbine Blades: Automated Inspection and Repair of Turbine Blades (AIRTuB)-WP1},
  author={Hwang, JS and Platenkamp, DJ and Beukema, RP},
  year={2021},
  publisher={Netherlands Aerospace Centre NLR}
}


@article{systemdesign,
  title={Unmanned Aerial Drones for Inspection of Offshore Wind Turbines: A Mission-Critical Failure Analysis},
  author={Shafiee, Mahmood and Zhou, Zeyu and Mei, Luyao and Dinmohammadi, Fateme and Karama, Jackson and Flynn, David},
  journal={Robotics},
  volume={10},
  number={1},
  pages={26},
  year={2021},
  publisher={Multidisciplinary Digital Publishing Institute}
}

@article{kanellakis2,
  title={Autonomous visual inspection of large-scale infrastructures using aerial robots},
  author={Kanellakis, Christoforos and Fresk, Emil and Mansouri, Sina Sharif and Kominiak, Dariusz and Nikolakopoulos, George},
  journal={arXiv preprint arXiv:1901.05510},
  year={2019}
}

@misc{web:unrealengine,
  author = {{Epic Games}},
  title = {{Unreal Engine v4.24.3}},
  note = {Last accessed 27 October 2020},
  url = {https://www.unrealengine.com}
}



@misc{dji, title={Matrice 100 - Product Information - DJI}, url={https://www.dji.com/dk/matrice100/info}, journal={DJI Official}} 






@article{vijay,
  title={Multirotor aerial vehicles: Modeling, estimation, and control of quadrotor},
  author={Mahony, Robert and Kumar, Vijay and Corke, Peter},
  journal={IEEE Robotics and Automation magazine},
  volume={19},
  number={3},
  pages={20--32},
  year={2012},
  publisher={Institute of Electrical and Electronics Engineers Inc.}
}


@inproceedings{mit,
  title={Perception-aware time optimal path parameterization for quadrotors},
  author={Spasojevic, Igor and Murali, Varun and Karaman, Sertac},
  booktitle={2020 IEEE International Conference on Robotics and Automation (ICRA)},
  pages={3213--3219},
  year={2020},
  organization={IEEE}
}

@inproceedings{target_aware,
  title={Effective target aware visual navigation for UAVs},
  author={Potena, Ciro and Nardi, Daniele and Pretto, Alberto},
  booktitle={2017 European Conference on Mobile Robots (ECMR)},
  pages={1--7},
  year={2017},
  organization={IEEE}
}


@inproceedings{differentialflatness,
  title={Perception-aware trajectory generation for aggressive quadrotor flight using differential flatness},
  author={Murali, Varun and Spasojevic, Igor and Guerra, Winter and Karaman, Sertac},
  booktitle={2019 American Control Conference (ACC)},
  pages={3936--3943},
  year={2019},
  organization={IEEE}
}


@inproceedings{VS_MPC,
  title={Fast Model Predictive Image-Based Visual Servoing for Quadrotors},
  author={Roque, Pedro and Bin, Elisa and Miraldo, Pedro and Dimarogonas, Dimos V},
  booktitle={2020 IEEE/RSJ International Conference on Intelligent Robots and Systems (IROS)},
  pages={7566--7572},
  year={2020},
  organization={IEEE}
}


@inproceedings{falanga2018pampc,
  title={PAMPC: Perception-Aware Model Predictive Control for Quadrotors},
  author={Falanga, Davide and Foehn, Philipp and Lu, Peng and Scaramuzza, Davide},
  booktitle={2018 IEEE/RSJ International Conference on Intelligent Robots and Systems (IROS)},
  pages={1--8},
  year={2018},
  organization={IEEE}
}

@inproceedings{cinema,
  title={Detection-aware trajectory generation for a drone cinematographer},
  author={Jeon, Boseong Felipe and Shim, Dongsuk and Kim, H Jin},
  booktitle={2020 IEEE/RSJ International Conference on Intelligent Robots and Systems (IROS)},
  pages={1450--1457},
  year={2020},
  organization={IEEE}
}





@inproceedings{px4,
  title={PX4: A node-based multithreaded open source robotics framework for deeply embedded platforms},
  author={Meier, Lorenz and Honegger, Dominik and Pollefeys, Marc},
  booktitle={2015 IEEE international conference on robotics and automation (ICRA)},
  pages={6235--6240},
  year={2015},
  organization={IEEE}
}

@inproceedings{ROS,
  title={ROS: an open-source Robot Operating System},
  author={Quigley, Morgan and Conley, Ken and Gerkey, Brian and Faust, Josh and Foote, Tully and Leibs, Jeremy and Wheeler, Rob and Ng, Andrew Y and others},
  booktitle={ICRA workshop on open source software},
  volume={3},
  number={3.2},
  pages={5},
  year={2009},
  organization={Kobe, Japan}
}



@article{acado2,
  title={Autogenerating microsecond solvers for nonlinear MPC: a tutorial using ACADO integrators},
  author={Quirynen, Rien and Vukov, Milan and Zanon, Mario and Diehl, Moritz},
  journal={Optimal Control Applications and Methods},
  volume={36},
  number={5},
  pages={685--704},
  year={2015},
  publisher={Wiley Online Library}
}


@inproceedings{PCMPC,
  title={Pcmpc: Perception-constrained model predictive control for quadrotors with suspended loads using a single camera and imu},
  author={Li, Guanrui and Tunchez, Alex and Loianno, Giuseppe},
  booktitle={2021 IEEE International Conference on Robotics and Automation (ICRA)},
  pages={2012--2018},
  year={2021},
  organization={IEEE}
}


@article{qpoases,
  title={qpOASES: A parametric active-set algorithm for quadratic programming},
  author={Ferreau, Hans Joachim and Kirches, Christian and Potschka, Andreas and Bock, Hans Georg and Diehl, Moritz},
  journal={Mathematical Programming Computation},
  volume={6},
  number={4},
  pages={327--363},
  year={2014},
  publisher={Springer}
}

@inproceedings{quadplux,
  title={Receding Horizon-based Fault-tolerant Control of QuadPlus: an Over-actuated Quadrotor},
  author={Mehndiratta, Mohit and Singh, Karanjot and Kayacan, Erdal and Feroskhan, Mir},
  booktitle={2021 IEEE 17th International Conference on Automation Science and Engineering (CASE)},
  pages={853--859},
  year={2021},
  organization={IEEE}
}


@article{quat2,
  title={Quaternion Modeling and Control Approaches},
  author={Abaunza, Hernan and Castillo, P and Lozano, Rogelio},
  journal={Handbook of Unmanned Aerial Vehicles; Vachtsevanos, G., Ed.; Springer: Cham, Switzerland},
  pages={1--29},
  year={2018}
}

@article{quat1,
  title={Quaternions and dynamics},
  author={Graf, Basile},
  journal={arXiv preprint arXiv:0811.2889},
  year={2008}
}



@inproceedings{mpc_tune,
  title={Automated tuning of nonlinear model predictive controller by reinforcement learning},
  author={Mehndiratta, Mohit and Camci, Efe and Kayacan, Erdal},
  booktitle={2018 IEEE/RSJ International Conference on Intelligent Robots and Systems (IROS)},
  pages={3016--3021},
  year={2018},
  organization={IEEE}
}


@article{mpc_survey,
  title={Model predictive control in aerospace systems: Current state and opportunities},
  author={Eren, Utku and Prach, Anna and Ko{\c{c}}er, Ba{\c{s}}aran Bahad{\i}r and Rakovi{\'c}, Sa{\v{s}}a V and Kayacan, Erdal and A{\c{c}}{\i}kme{\c{s}}e, Beh{\c{c}}et},
  journal={Journal of Guidance, Control, and Dynamics},
  volume={40},
  number={7},
  pages={1541--1566},
  year={2017},
  publisher={American Institute of Aeronautics and Astronautics}
}


@inproceedings{gazebo,
  title={Design and use paradigms for gazebo, an open-source multi-robot simulator},
  author={Koenig, Nathan and Howard, Andrew},
  booktitle={2004 IEEE/RSJ International Conference on Intelligent Robots and Systems (IROS)(IEEE Cat. No. 04CH37566)},
  volume={3},
  pages={2149--2154},
  organization={IEEE}
}

@phdthesis{bouabdallah2007design,
  title={Design and control of quadrotors with application to autonomous flying},
  author={Bouabdallah, Samir},
  year={2007},
  type={{PhD} dissertation},
  school={EPFL}
}

@ARTICLE{lidar,
author={Car, Marko and Markovic, Lovro and Ivanovic, Antun and Orsag, Matko and Bogdan, Stjepan},
journal={IEEE Access}, 
title={Autonomous Wind-Turbine Blade Inspection Using LiDAR-Equipped Unmanned Aerial Vehicle}, 

  year={2020},

  volume={8},

  number={},

  pages={131380-131387},

  doi={10.1109/ACCESS.2020.3009738}}


@inproceedings{lidar2,
  title={Lidar assisted camera inspection of wind turbines: experimental study},
  author={Durdevic, Petar and Ortiz-Arroyo, Daniel and Yang, Zhenyu},
  booktitle={2019 1St International Conference on Electrical, Control and Instrumentation Engineering (ICECIE)},
  pages={1--7},
  year={2019},
  organization={IEEE}
}

@inproceedings{ICUAS2020,
  title={Autonomous wind turbine inspection using a quadrotor},
  author={Gu, Weibin and Hu, Dewen and Cheng, Liang and Cao, Yabing and Rizzo, Alessandro and Valavanis, Kimon P},
  booktitle={2020 International Conference on Unmanned Aircraft Systems (ICUAS)},
  pages={709--715},
  year={2020},
  organization={IEEE}
}


@article{rtab,
  title={RTAB-Map as an open-source lidar and visual simultaneous localization and mapping library for large-scale and long-term online operation},
  author={Labb{\'e}, Mathieu and Michaud, Fran{\c{c}}ois},
  journal={Journal of Field Robotics},
  volume={36},
  number={2},
  pages={416--446},
  year={2019},
  publisher={Wiley Online Library}
}

@book{pinhole,
  title={Computer vision: algorithms and applications},
  author={Szeliski, Richard},
  year={2010},
  publisher={Springer Science \& Business Media}
}


 @misc{x7, title={Zenmuse X7 - product information - DJI}, url={https://www.dji.com/dk/zenmuse-x7/info}, journal={DJI Official}} 
 
 @article{DIEHL2002577,
title = "Real-time optimization and nonlinear model predictive control of processes governed by differential-algebraic equations",
journal = "Journal of Process Control",
volume = "12",
number = "4",
pages = "577 - 585",
year = "2002",
issn = "0959-1524",
doi = "https://doi.org/10.1016/S0959-1524(01)00023-3",
author = "Moritz Diehl and H.Georg Bock and Johannes P. Schl{\"o}der and Rolf Findeisen and Zoltan Nagy and Frank Allg{\"o}wer"
}




@article{tilt,
  title={An MPC-based position controller for a tilt-rotor tricopter VTOL UAV},
  author={Prach, Anna and Kayacan, Erdal},
  journal={Optimal control applications and methods},
  volume={39},
  number={1},
  pages={343--356},
  year={2018},
  publisher={Wiley Online Library}
}


@inproceedings{mohit_fault_tolerant_c,
  title={Reconfigurable fault-tolerant nmpc for y6 coaxial tricopter with complete loss of one rotor},
  author={Mehndiratta, Mohit and Kayacan, Erdal},
  booktitle={2018 IEEE conference on control technology and applications (CCTA)},
  pages={774--780},
  year={2018},
  organization={IEEE}
}


@ARTICLE {rotors,
    author  = "Fadri Furrer and Michael Burri and Markus Achtelik and Roland Siegwart",
    title   = "Robot Operating System (ROS)",
    journal = "Studies Comp.Intelligence Volume Number:625",
    year    = "2016",
    volume  = "The Complete Reference (Volume 1)",
    number  = "978-3-319-26052-5",
    pages   = "Chapter 23",
    note    = "ISBN:978-3-319-26052-5"
}



@article{deepmodel_mohit,
  title={Can Deep Models Help a Robot to Tune Its Controller? A Step Closer to Self-Tuning Model Predictive Controllers},
  author={Mehndiratta, Mohit and Camci, Efe and Kayacan, Erdal},
  journal={Electronics},
  volume={10},
  number={18},
  pages={2187},
  year={2021},
  publisher={Multidisciplinary Digital Publishing Institute}
}


@incollection{mohit_3dprint,
  title={Learning-based fast nonlinear model predictive control for custom-made 3D printed ground and aerial robots},
  author={Mehndiratta, Mohit and Kayacan, Erkan and Patel, Siddharth and Kayacan, Erdal and Chowdhary, Girish},
  booktitle={Handbook of Model Predictive Control},
  pages={581--605},
  year={2019},
  publisher={Springer}
}


@article{pbvs,
  title={Autonomous Removing Foreign Objects for Power Transmission Line by Using a Vision-Guided Unmanned Aerial Manipulator},
  author={Li, Ling and Zhang, Tianlin and Zhong, Hang and Li, Hongwen and Zhang, Hui and Fan, Shaosheng and Cao, Yijia},
  journal={Journal of Intelligent \& Robotic Systems},
  volume={103},
  number={2},
  pages={1--14},
  year={2021},
  publisher={Springer}
}

@article{tractor,
  title={Learning in centralized nonlinear model predictive control: Application to an autonomous tractor-trailer system},
  author={Kayacan, Erkan and Kayacan, Erdal and Ramon, Herman and Saeys, Wouter},
  journal={IEEE Transactions on Control Systems Technology},
  volume={23},
  number={1},
  pages={197--205},
  year={2014},
  publisher={IEEE}
}



@inproceedings{micha,
  title={PredictiveSLAM-Robust Visual SLAM Through Trajectory-Aware Object Masking},
  author={Hei{\ss}, Micha and Hansen, Jakob Grimm and Li, Dengyun and Koz{\l}owski, Micha{\l} and Kayacan, Erdal},
  booktitle={2023 International Conference on Unmanned Aircraft Systems (ICUAS)},
  pages={1256--1261},
  year={2023},
  organization={IEEE}
}



@inproceedings{jakob,
  title={Vessel Inspection In-the-wild: Practical Planning in Large-scale Industrial Environments},
  author={Hansen, Jakob Grimm and Hei{\ss}, Micha and Li, Dengyun and Koz{\l}owski, Micha{\l} and Kayacan, Erdal},
  booktitle={2023 American Control Conference (ACC)},
  pages={812--817},
  year={2023},
  organization={IEEE}
}


@inproceedings{aruco,
  title={Uav trajectory evaluation in large industrial environments: A cost-effective solution},
  author={Hansen, Jakob Grimm and Hei{\ss}, Micha and Kozlowski, Michal and Kayacan, Erdal},
  booktitle={2022 European Control Conference (ECC)},
  pages={1336--1341},
  year={2022},
  organization={IEEE}
}










@phdthesis{flinders,
  title={6-dof modelling and control of a remotely operated vehicle},
  author={Wu, Chu-Jou},
  year={2018},
  school={Flinders University, College of Science and Engineering.}
}



@INPROCEEDINGS{wono1,
  author={Choo, Wonoo and Kayacan, Erkan},
  booktitle={2023 American Control Conference (ACC)}, 
  title={Computationally Efficient Data-Driven MPC for Agile Quadrotor Flight}, 
  year={2023},
  volume={},
  number={},
  pages={2627-2632},
  keywords={Trajectory tracking;Computational modeling;Current measurement;Pipelines;Aerodynamics;Computational efficiency;Trajectory},
  doi={10.23919/ACC55779.2023.10156053}}










@inproceedings{wono2,
  title={Data-Based MHE for Agile Quadrotor Flight},
  author={Choo, Wonoo and Kayacan, Erkan},
  booktitle={2023 IEEE/RSJ International Conference on Intelligent Robots and Systems (IROS)},
  pages={4307--4314},
  year={2023},
  organization={IEEE}
}



@inproceedings{activegp,
  title={Active Learning Gaussian Process Model Predictive Control Method for Quadcopter},
  author={Zhao, Shulong and Yi, Feng and Wang, Qipeng and Wang, Xiangke},
  booktitle={2022 41st Chinese Control Conference (CCC)},
  pages={2664--2669},
  year={2022},
  organization={IEEE}
}

@article{gp_mhe_mathias,
  title={Gaussian Process-Based Nonlinear Moving Horizon Estimation},
  author={Wolff, Tobias M and Lopez, Victor G and M{\"u}ller, Matthias A},
  journal={arXiv preprint arXiv:2402.04665},
  year={2024}
}



@inproceedings{real-gp-mpc,
  title={A real-time GP based MPC for quadcopters with unknown disturbances},
  author={Schmid, Niklas and Gruner, Jonas and Abbas, Hossam S and Rostalski, Philipp},
  booktitle={2022 American Control Conference (ACC)},
  pages={2051--2056},
  year={2022},
  organization={IEEE}
}

@article{neural-mpc,
  title={Real-time neural MPC: Deep learning model predictive control for quadrotors and agile robotic platforms},
  author={Salzmann, Tim and Kaufmann, Elia and Arrizabalaga, Jon and Pavone, Marco and Scaramuzza, Davide and Ryll, Markus},
  journal={IEEE Robotics and Automation Letters},
  volume={8},
  number={4},
  pages={2397--2404},
  year={2023},
  publisher={IEEE}
}



@article{neural-fly,
  title={Neural-fly enables rapid learning for agile flight in strong winds},
  author={O’Connell, Michael and Shi, Guanya and Shi, Xichen and Azizzadenesheli, Kamyar and Anandkumar, Anima and Yue, Yisong and Chung, Soon-Jo},
  journal={Science Robotics},
  volume={7},
  number={66},
  pages={eabm6597},
  year={2022},
  publisher={American Association for the Advancement of Science}
}


@article{rov_ekf1,
  title={Station-keeping of a ROV under wave disturbance: Modeling and control design},
  author={de Oliveira, {\'E}verton L and Donha, D{\'e}cio C and de T Fleury, Agenor and de Barros, Ettore A},
  journal={Proceedings of the Institution of Mechanical Engineers, Part M: Journal of Engineering for the Maritime Environment},
  volume={237},
  number={2},
  pages={455--477},
  year={2023},
  publisher={SAGE Publications Sage UK: London, England}
}


@article{rov_ekf2,
  title={Trajectory tracking control of ROVs considering external disturbances and measurement noises using ESKF-based MPC},
  author={Long, Chengqi and Qin, Xiaohui and Bian, Yougang and Hu, Manjiang},
  journal={Ocean Engineering},
  volume={241},
  pages={109991},
  year={2021},
  publisher={Elsevier}
}


@inproceedings{ros,
  title={ROS: an open-source Robot Operating System},
  author={Quigley, Morgan and Conley, Ken and Gerkey, Brian and Faust, Josh and Foote, Tully and Leibs, Jeremy and Wheeler, Rob and Ng, Andrew Y and others},
  booktitle={ICRA workshop on open source software},
  volume={3},
  number={3.2},
  pages={5},
  year={2009},
  organization={Kobe, Japan}
}


@article{prach2018mpc,
  title={An MPC-based position controller for a tilt-rotor tricopter VTOL UAV},
  author={Prach, Anna and Kayacan, Erdal},
  journal={Optimal control applications and methods},
  volume={39},
  number={1},
  pages={343--356},
  year={2018},
  publisher={Wiley Online Library}
}


@inproceedings{mehndiratta2018automated,
  title={Automated tuning of nonlinear model predictive controller by reinforcement learning},
  author={Mehndiratta, Mohit and Camci, Efe and Kayacan, Erdal},
  booktitle={2018 IEEE/RSJ International Conference on Intelligent Robots and Systems (IROS)},
  pages={3016--3021},
  year={2018},
  organization={IEEE}
}


@article{bluerov,
  title={An open-source benchmark simulator: Control of a bluerov2 underwater robot},
  author={von Benzon, Malte and S{\o}rensen, Fredrik Fogh and Uth, Esben and Jouffroy, Jerome and Liniger, Jesper and Pedersen, Simon},
  journal={Journal of Marine Science and Engineering},
  volume={10},
  number={12},
  pages={1898},
  year={2022},
  publisher={MDPI}
}



@book{boyd2004convex,
  title={Convex optimization},
  author={Boyd, Stephen P and Vandenberghe, Lieven},
  year={2004},
  publisher={Cambridge university press}
}


@inproceedings{kraus_safe,
  title={Learning-based model predictive control for safe exploration},
  author={Koller, Torsten and Berkenkamp, Felix and Turchetta, Matteo and Krause, Andreas},
  booktitle={2018 IEEE conference on decision and control (CDC)},
  pages={6059--6066},
  year={2018},
  organization={IEEE}
}


@inproceedings{mehndirattasimple,
  title={A simple learning strategy for feedback linearization control of aerial package delivery robot},
  author={Mehndiratta, Mohit and Kayacan, Erkan and Kayacan, Erdal},
  booktitle={2018 IEEE conference on control technology and applications (CCTA)},
  pages={361--367},
  year={2018},
  organization={IEEE}
}


@inproceedings{andriy,
  title={Y6 tricopter autonomous evacuation in an indoor environment using Q-learning algorithm},
  author={Sarabakha, Andriy and Kayacan, Erdal},
  booktitle={2016 IEEE 55th conference on decision and control (CDC)},
  pages={5992--5997},
  year={2016},
  organization={IEEE}
}


@inproceedings{shen2016nonlinear,
  title={Nonlinear model predictive control for trajectory tracking of an AUV: A distributed implementation},
  author={Shen, Chao and Shi, Yang and Buckham, Brad},
  booktitle={2016 IEEE 55th Conference on Decision and Control (CDC)},
  pages={5998--6003},
  year={2016},
  organization={IEEE}
}


@inproceedings{yang2018real,
  title={Real-time model predictive control for energy management in autonomous underwater vehicle},
  author={Yang, Niankai and Amini, Mohammad Reza and Johnson-Roberson, Matthew and Sun, Jing},
  booktitle={2018 IEEE Conference on Decision and Control (CDC)},
  pages={4321--4326},
  year={2018},
  organization={IEEE}
}


@article{deisenroth2013gaussian,
  title={Gaussian processes for data-efficient learning in robotics and control},
  author={Deisenroth, Marc Peter and Fox, Dieter and Rasmussen, Carl Edward},
  journal={IEEE transactions on pattern analysis and machine intelligence},
  volume={37},
  number={2},
  pages={408--423},
  year={2013},
  publisher={IEEE}
}


@inproceedings{castaneda2021pointwise,
  title={Pointwise feasibility of gaussian process-based safety-critical control under model uncertainty},
  author={Castaneda, Fernando and Choi, Jason J and Zhang, Bike and Tomlin, Claire J and Sreenath, Koushil},
  booktitle={2021 60th IEEE Conference on Decision and Control (CDC)},
  pages={6762--6769},
  year={2021},
  organization={IEEE}
}


@inproceedings{polymenakos2020safety,
  title={Safety guarantees for iterative predictions with Gaussian processes},
  author={Polymenakos, Kyriakos and Laurenti, Luca and Patane, Andrea and Calliess, Jan-Peter and Cardelli, Luca and Kwiatkowska, Marta and Abate, Alessandro and Roberts, Stephen},
  booktitle={2020 59th IEEE Conference on Decision and Control (CDC)},
  pages={3187--3193},
  year={2020},
  organization={IEEE}
}


@inproceedings{liu2021learning,
  title={Learning based model predictive control for quadcopters with dual gaussian process},
  author={Liu, Yuhan and T{\'o}th, Roland},
  booktitle={2021 60th IEEE Conference on Decision and Control (CDC)},
  pages={1515--1521},
  year={2021},
  organization={IEEE}
}


@inproceedings{mannel2021iterative,
  title={Iterative gaussian process model predictive control with application to physiological control systems},
  author={M{\"a}nnel, Georg and Gra{\ss}hoff, Jan and Rostalski, Philipp and Abbas, Hossam S},
  booktitle={2021 60th IEEE Conference on Decision and Control (CDC)},
  pages={2203--2210},
  year={2021},
  organization={IEEE}
}


@article{patel2020intelligent,
  title={An intelligent hybrid artificial neural network-based approach for control of aerial robots},
  author={Patel, Siddharth and Sarabakha, Andriy and Kircali, Dogan and Kayacan, Erdal},
  journal={Journal of Intelligent \& Robotic Systems},
  volume={97},
  number={2},
  pages={387--398},
  year={2020},
  publisher={Springer}
}

@book{williams2006gaussian,
  title={Gaussian processes for machine learning},
  author={Williams, Christopher KI and Rasmussen, Carl Edward},
  volume={2},
  number={3},
  year={2006},
  publisher={MIT press Cambridge, MA}
}


@book{fossen,
  title={Handbook of marine craft hydrodynamics and motion control},
  author={Fossen, Thor I},
  year={2011},
  publisher={John Wiley \& Sons}
}


@article{gp2018tutorial,
  title={A tutorial on Gaussian process regression: Modelling, exploring, and exploiting functions},
  author={Schulz, Eric and Speekenbrink, Maarten and Krause, Andreas},
  journal={Journal of Mathematical Psychology},
  volume={85},
  pages={1--16},
  year={2018},
  publisher={Elsevier}
}


@article{casadi,
  title={CasADi: a software framework for nonlinear optimization and optimal control},
  author={Andersson, Joel AE and Gillis, Joris and Horn, Greg and Rawlings, James B and Diehl, Moritz},
  journal={Mathematical Programming Computation},
  volume={11},
  pages={1--36},
  year={2019},
  publisher={Springer}
}


@inproceedings{jung2022gaussian,
  title={Gaussian process and disturbance observer based control for disturbance rejection},
  author={Jung, Hanul and Oh, Sehoon},
  booktitle={2022 IEEE 17th International Conference on Advanced Motion Control (AMC)},
  pages={94--99},
  year={2022},
  organization={IEEE}
}


@inproceedings{yoon2022nonlinear,
  title={Nonlinear Autoregressive with Gaussian Process Regression-Based Path-Following Guidance for UAV Under Time-Varying Disturbances},
  author={Yoon, Dain and Kim, Young-Won and Kim, Boseok and Lee, Chang-Hun},
  booktitle={International Conference on Robot Intelligence Technology and Applications},
  pages={15--26},
  year={2022},
  organization={Springer}
}

@article{bionic_gp,
  title={Bionic Underwater Vehicle: A Data-Driven Disturbance Rejection Control Framework},
  author={Wang, Kaihui and Zou, Wei and Ma, Ruichen and Lv, Jiaqi and Su, Hu and Wang, Yu and Ma, Hongxuan},
  journal={IEEE Robotics \& Automation Magazine},
  year={2023},
  publisher={IEEE}
}


@article{shen2018path,
  title={Path-following control of an AUV: A multiobjective model predictive control approach},
  author={Shen, Chao and Shi, Yang and Buckham, Brad},
  journal={IEEE Transactions on Control Systems Technology},
  volume={27},
  number={3},
  pages={1334--1342},
  year={2018},
  publisher={IEEE}
}

@article{heshmati2019robust,
  title={A robust predictive control approach for underwater robotic vehicles},
  author={Heshmati-Alamdari, Shahab and Karras, George C and Marantos, Panos and Kyriakopoulos, Kostas J},
  journal={IEEE Transactions on Control Systems Technology},
  volume={28},
  number={6},
  pages={2352--2363},
  year={2019},
  publisher={IEEE}
}


@article{prajapat2024safe,
  title={Safe Guaranteed Exploration for Non-linear Systems},
  author={Prajapat, Manish and K{\"o}hler, Johannes and Turchetta, Matteo and Krause, Andreas and Zeilinger, Melanie N},
  journal={arXiv preprint arXiv:2402.06562},
  year={2024}
}






@article{tractor,
  title={Learning in centralized nonlinear model predictive control: Application to an autonomous tractor-trailer system},
  author={Kayacan, Erkan and Kayacan, Erdal and Ramon, Herman and Saeys, Wouter},
  journal={IEEE Transactions on Control Systems Technology},
  volume={23},
  number={1},
  pages={197--205},
  year={2014},
  publisher={IEEE}
}


@article{tractor,
  title={Learning in centralized nonlinear model predictive control: Application to an autonomous tractor-trailer system},
  author={Kayacan, Erkan and Kayacan, Erdal and Ramon, Herman and Saeys, Wouter},
  journal={IEEE Transactions on Control Systems Technology},
  volume={23},
  number={1},
  pages={197--205},
  year={2014},
  publisher={IEEE}
}

@inproceedings{tiltrotor,
  title={Online learning-based receding horizon control of tilt-rotor tricopter: A cascade implementation},
  author={Mehndiratta, Mohit and Kayacan, Erdal},
  booktitle={2018 Annual American Control Conference (ACC)},
  pages={6378--6383},
  year={2018},
  organization={IEEE}
}

@article{3dprint,
  title={Learning-based fast nonlinear model predictive control for custom-made 3D printed ground and aerial robots},
  author={Mehndiratta, Mohit and Kayacan, Erkan and Patel, Siddharth and Kayacan, Erdal and Chowdhary, Girish},
  journal={Handbook of Model Predictive Control},
  pages={581--605},
  year={2019},
  publisher={Springer}
}

@article{aero,
  title={Receding horizon control of a 3 DOF helicopter using online estimation of aerodynamic parameters},
  author={Mehndiratta, Mohit and Kayacan, Erdal},
  journal={Proceedings of the institution of mechanical engineers, part G: Journal of aerospace engineering},
  volume={232},
  number={8},
  pages={1442--1453},
  year={2018},
  publisher={SAGE Publications Sage UK: London, England}
}


@article{package,
  title={A constrained instantaneous learning approach for aerial package delivery robots: onboard implementation and experimental results},
  author={Mehndiratta, Mohit and Kayacan, Erdal},
  journal={Autonomous Robots},
  volume={43},
  number={8},
  pages={2209--2228},
  year={2019},
  publisher={Springer}
}





@article{cao2017gaussian,
  title={Gaussian process model predictive control of an unmanned quadrotor},
  author={Cao, Gang and Lai, Edmund M-K and Alam, Fakhrul},
  journal={Journal of Intelligent \& Robotic Systems},
  volume={88},
  pages={147--162},
  year={2017},
  publisher={Springer}
}

@article{madebo2024robust,
  title={Robust Tracking Control for Quadrotor UAV with External Disturbances and Uncertainties Using Neural Network Based MRAC},
  author={Madebo, Muluken Menebo and Abdissa, Chala Merga and Lemma, Lebsework Negash and Negash, Dereje Shiferaw},
  journal={IEEE Access},
  year={2024},
  publisher={IEEE}
}

@article{maiworm2021online,
  title={Online learning-based model predictive control with Gaussian process models and stability guarantees},
  author={Maiworm, Michael and Limon, Daniel and Findeisen, Rolf},
  journal={International Journal of Robust and Nonlinear Control},
  volume={31},
  number={18},
  pages={8785--8812},
  year={2021},
  publisher={Wiley Online Library}
}


@article{abdissa2024improved,
  title={Improved model predictive speed control of a PMSM via Laguerre functions},
  author={Abdissa, Chala Merga},
  journal={Mathematical Problems in Engineering},
  volume={2024},
  number={1},
  pages={5562771},
  year={2024},
  publisher={Wiley Online Library}
}


@article{localgp,
  title={Model learning with local gaussian process regression},
  author={Nguyen-Tuong, Duy and Seeger, Matthias and Peters, Jan},
  journal={Advanced Robotics},
  volume={23},
  number={15},
  pages={2015--2034},
  year={2009},
  publisher={Taylor \& Francis}
}


@article{mpc_mhe,
  title={External force estimation and disturbance rejection for micro aerial vehicles},
  author={Papadimitriou, Andreas and Jafari, Hedyeh and Mansouri, Sina Sharif and Nikolakopoulos, George},
  journal={Expert Systems with Applications},
  volume={200},
  pages={116883},
  year={2022},
  publisher={Elsevier}
}


@article{salzmann2023real,
  title={Real-time neural MPC: Deep learning model predictive control for quadrotors and agile robotic platforms},
  author={Salzmann, Tim and Kaufmann, Elia and Arrizabalaga, Jon and Pavone, Marco and Scaramuzza, Davide and Ryll, Markus},
  journal={IEEE Robotics and Automation Letters},
  volume={8},
  number={4},
  pages={2397--2404},
  year={2023},
  publisher={IEEE}
}


@article{chenyang,
  title={Seamless INS/DVL Integrated Navigation System via Online Transfer Gaussian Process Regression},
  author={Chen, Yang and He, Yongxu and Zhao, Yuxin and Li, Shuaiyang and Yao, Weiran and Kayacan, Erdal},
  journal={IEEE Transactions on Instrumentation and Measurement},
  year={2024},
  publisher={IEEE}
}