
@inproceedings{Parlange_Msc,
  title={Vision-based autonomous navigation for wind turbine inspection using an unmanned aerial vehicle},
  author={Ren{\'e} Parlange},
  year={2019}
}




@article{plan3d,
  title={Plan3d: Viewpoint and trajectory optimization for aerial multi-view stereo reconstruction},
  author={Hepp, Benjamin and Nie{\ss}ner, Matthias and Hilliges, Otmar},
  journal={ACM Transactions on Graphics (TOG)},
  volume={38},
  number={1},
  pages={1--17},
  year={2018},
  publisher={ACM New York, NY, USA}
}

@article{3dmodeling,
  title={Online coverage and inspection planning for 3D modeling},
  author={Song, Soohwan and Kim, Daekyum and Jo, Sungho},
  journal={Autonomous Robots},
  volume={44},
  number={8},
  pages={1431--1450},
  year={2020},
  publisher={Springer}
}


@inproceedings{stokkeland,
  title={Autonomous visual navigation of unmanned aerial vehicle for wind turbine inspection},
  author={Stokkeland, Martin and Klausen, Kristian and Johansen, Tor A},
  booktitle={2015 International Conference on Unmanned Aircraft Systems (ICUAS)},
  pages={998--1007},
  year={2015},
  organization={IEEE}
}

@inproceedings{SIP,
  title={Structural inspection path planning via iterative viewpoint resampling with application to aerial robotics},
  author={Bircher, Andreas and Alexis, Kostas and Burri, Michael and Oettershagen, Philipp and Omari, Sammy and Mantel, Thomas and Siegwart, Roland},
  booktitle={2015 IEEE International Conference on Robotics and Automation (ICRA)},
  pages={6423--6430},
  year={2015},
  organization={IEEE}
}


@article{CPP,
  title={Cooperative coverage path planning for visual inspection},
  author={Mansouri, Sina Sharif and Kanellakis, Christoforos and Fresk, Emil and Kominiak, Dariusz and Nikolakopoulos, George},
  journal={Control Engineering Practice},
  volume={74},
  pages={118--131},
  year={2018},
  publisher={Elsevier}
}





@article{coverage_survey,
  title={A survey on coverage path planning for robotics},
  author={Galceran, Enric and Carreras, Marc},
  journal={Robotics and Autonomous systems},
  volume={61},
  number={12},
  pages={1258--1276},
  year={2013},
  publisher={Elsevier}
}




@article{survey,
  title={Survey on path and view planning for UAVs},
  author={Zhou, Xiaohui and Yi, Zimu and Liu, Yilin and Huang, Kai and Huang, Hui},
  journal={Virtual Reality \& Intelligent Hardware},
  volume={2},
  number={1},
  pages={56--69},
  year={2020},
  publisher={Elsevier}
}

@inproceedings{aarhus,
  title={Inspection Path Planning for Aerial Vehicles via Sampling-based Sequential Optimization},
  author={Shi, Liping and Mehrooz, Golizheh and Jacobsen, Rune Hylsberg},
  booktitle={2021 International Conference on Unmanned Aircraft Systems (ICUAS)},
  pages={679--687},
  year={2021},
  organization={IEEE}
}



@inproceedings{ROS,
  title={ROS: an open-source Robot Operating System},
  author={Quigley, Morgan and Conley, Ken and Gerkey, Brian and Faust, Josh and Foote, Tully and Leibs, Jeremy and Wheeler, Rob and Ng, Andrew Y and others},
  booktitle={ICRA workshop on open source software},
  volume={3},
  number={3.2},
  pages={5},
  year={2009},
  organization={Kobe, Japan}
}


@incollection{minampc,
  title={Model predictive control for trajectory tracking of unmanned aerial vehicles using robot operating system},
  author={Kamel, Mina and Stastny, Thomas and Alexis, Kostas and Siegwart, Roland},
  booktitle={Robot operating system (ROS)},
  pages={3--39},
  year={2017},
  publisher={Springer}
}


@inproceedings{NLMPC_eth,
  title={Disturbance estimation and rejection for high-precision multirotor position control},
  author={Hentzen, Daniel and Stastny, Thomas and Siegwart, Roland and Brockers, Roland},
  booktitle={2019 IEEE/RSJ International Conference on Intelligent Robots and Systems (IROS)},
  pages={2797--2804},
  year={2019},
  organization={IEEE}
}

@inproceedings{airsim,
  title={Airsim: High-fidelity visual and physical simulation for autonomous vehicles},
  author={Shah, Shital and Dey, Debadeepta and Lovett, Chris and Kapoor, Ashish},
  booktitle={Field and service robotics},
  pages={621--635},
  year={2018},
  organization={Springer}
}

@inproceedings{mohit,
  title={Gaussian process-based learning control of aerial robots for precise visualization of geological outcrops},
  author={ Mehndiratta, Mohit and Kayacan, Erdal},
  booktitle={2020 European Control Conference (ECC)},
  pages={10--16},
  year={2020},
  organization={IEEE}
}

@article{Mohit2017Receding,
  title={Receding horizon control of a 3 {DOF} helicopter using online estimation of aerodynamic parameters},
  author={Mohit. Mehndiratta and Erdal. Kayacan},
  journal={Proceedings of the Institution of Mechanical Engineers, Part G: Journal of Aerospace Engineering},
  year={2017},
  publisher={SAGE Publications},
  doi = {10.1177/0954410017703414},
}

@INPROCEEDINGS{LeePROAM2018,
author={Wilson. Lee  and Mohit. Mehndiratta and Erdal. Kayacan}, 
booktitle={Proceedings of the 3rd International Conference on Progress in Additive Manufacturing (Pro-AM 2018)}, 
title={Fly without borders with additive manufacturing: a microscale tilt-rotor tricopter design}, 
year={2018}, 
volume={}, 
number={}, 
pages={256-261}, 
doi={10.25341/D43K5G},
month={May}
}

@INPROCEEDINGS{Mohitacc201833, 
author={Mehndiratta, Mohit and Kayacan, Erdal}, 
booktitle={2018 American Control Conference (ACC)}, 
title={Online Learning-based Receding Horizon Control of Tilt-rotor Tricopter: A Cascade Implementation}, 
year={2018}, 
volume={}, 
number={}, 
pages={1-6}, 
ISSN={}, 
organization={IEEE}

}

@inproceedings{Mohitacc2018, 
  title={Online learning-based receding horizon control of tilt-rotor tricopter: A cascade implementation},
  author={Mehndiratta, Mohit and Kayacan, Erdal},
  booktitle={2018 Annual American Control Conference (ACC)},
  pages={6378--6383},
  year={2018},
  organization={IEEE}
}


@INPROCEEDINGS{Mohitccta2018a, 
author={M. Mehndiratta and E. Kayacan}, 
booktitle={2018 IEEE Conference on Control Technology and Applications (CCTA)}, 
title={Reconfigurable Fault-tolerant NMPC for Y6 Coaxial Tricopter with Complete Loss of One Rotor}, 
year={2018}, 
volume={}, 
number={}, 
pages={774-780}, 
doi={10.1109/CCTA.2018.8511444}, 
ISSN={}, 
month={Aug},}

@INPROCEEDINGS{mohit2018IROS, 
author={M. Mehndiratta and E. Camci and E. Kayacan}, 
booktitle={2018 IEEE/RSJ International Conference on Intelligent Robots and Systems (IROS)}, 
title={Automated Tuning of Nonlinear Model Predictive Controller by
Reinforcement Learning}, 
year={2018}, 
volume={}, 
number={}, 
pages={}, 
month={Oct},}

@article{mehndiratta2019a,
  title = {Learning-based Fast Nonlinear Model Predictive Control for Custom-made {3D} Printed Ground and Aerial Robots},
  language = {eng},
  publisher = {Birkhauser Verlag Basel},
  author = {Mehndiratta, Mohit and Kayacan, Erkan and Patel, Siddharth and Kayacan, Erdal and Chowdhary, Girish},
  editor = {V. Rakovic, Sasa, Levine, William},
  journal = {Control Engineering},
  year = {2019},
  issn = {23737719},
  isbn = {9783319774886, 9783319774893},
  doi = {10.1007/978-3-319-77489-3}
}


@Article{Mehndiratta2019,
author="Mohit. Mehndiratta
and Erdal. Kayacan",
title="A constrained instantaneous learning approach for aerial package delivery robots: onboard implementation and experimental results",
journal="Autonomous Robots",
year="2019",
month="Dec",
day="01",
volume="43",
number="8",
pages="2209--2228",
issn="1573-7527",
doi="10.1007/s10514-019-09875-y",
}



@article{alexisrobust,
  title={Robust model predictive flight control of unmanned rotorcrafts},
  author={Alexis, Kostas and Papachristos, Christos and Siegwart, Roland and Tzes, Anthony},
  journal={Journal of Intelligent \& Robotic Systems},
  volume={81},
  number={3-4},
  pages={443--469},
  year={2016},
  publisher={Springer}
}

@article{rafforobust,
  title={An integral predictive/nonlinear $H_{\infty}$ control structure for a quadrotor helicopter},
  author={Raffo, Guilherme V and Ortega, Manuel G and Rubio, Francisco R},
  journal={Automatica},
  volume={46},
  number={1},
  pages={29--39},
  year={2010},
  publisher={Elsevier}
}



@incollection{adaptive,
  title={Adaptive control of a quadcopter in the presence of large/complete parameter uncertainties},
  author={Achtelik, Michael and Bierling, Thomas and Wang, Jian and H{\"o}cht, Leonhard and Holzapfel, Florian},
  booktitle={Infotech@ Aerospace 2011},
  pages={1485},
  year={2011}
}

@inproceedings{l1,
  title={High-precision trajectory tracking in changing environments through L 1 adaptive feedback and iterative learning},
  author={Pereida, Karime and Duivenvoorden, Rikky RPR and Schoellig, Angela P},
  booktitle={2017 IEEE International Conference on Robotics and Automation (ICRA)},
  pages={344--350},
  year={2017},
  organization={IEEE}
}


@article{NLR,
  title={A Literature Survey on Remote Inspection of Offshore Wind Turbine Blades: Automated Inspection and Repair of Turbine Blades (AIRTuB)-WP1},
  author={Hwang, JS and Platenkamp, DJ and Beukema, RP},
  year={2021},
  publisher={Netherlands Aerospace Centre NLR}
}


@article{systemdesign,
  title={Unmanned Aerial Drones for Inspection of Offshore Wind Turbines: A Mission-Critical Failure Analysis},
  author={Shafiee, Mahmood and Zhou, Zeyu and Mei, Luyao and Dinmohammadi, Fateme and Karama, Jackson and Flynn, David},
  journal={Robotics},
  volume={10},
  number={1},
  pages={26},
  year={2021},
  publisher={Multidisciplinary Digital Publishing Institute}
}

@article{kanellakis2,
  title={Autonomous visual inspection of large-scale infrastructures using aerial robots},
  author={Kanellakis, Christoforos and Fresk, Emil and Mansouri, Sina Sharif and Kominiak, Dariusz and Nikolakopoulos, George},
  journal={arXiv preprint arXiv:1901.05510},
  year={2019}
}

@misc{web:unrealengine,
  author = {{Epic Games}},
  title = {{Unreal Engine v4.24.3}},
  note = {Last accessed 27 October 2020},
  url = {https://www.unrealengine.com}
}



@misc{dji, title={Matrice 100 - Product Information - DJI}, url={https://www.dji.com/dk/matrice100/info}, journal={DJI Official}} 


@article{acado,
  title={ACADO toolkit—An open-source framework for automatic control and dynamic optimization},
  author={Houska, Boris and Ferreau, Hans Joachim and Diehl, Moritz},
  journal={Optimal Control Applications and Methods},
  volume={32},
  number={3},
  pages={298--312},
  year={2011},
  publisher={Wiley Online Library}
}



@article{vijay,
  title={Multirotor aerial vehicles: Modeling, estimation, and control of quadrotor},
  author={Mahony, Robert and Kumar, Vijay and Corke, Peter},
  journal={IEEE Robotics and Automation magazine},
  volume={19},
  number={3},
  pages={20--32},
  year={2012},
  publisher={Institute of Electrical and Electronics Engineers Inc.}
}


@inproceedings{mit,
  title={Perception-aware time optimal path parameterization for quadrotors},
  author={Spasojevic, Igor and Murali, Varun and Karaman, Sertac},
  booktitle={2020 IEEE International Conference on Robotics and Automation (ICRA)},
  pages={3213--3219},
  year={2020},
  organization={IEEE}
}

@inproceedings{target_aware,
  title={Effective target aware visual navigation for UAVs},
  author={Potena, Ciro and Nardi, Daniele and Pretto, Alberto},
  booktitle={2017 European Conference on Mobile Robots (ECMR)},
  pages={1--7},
  year={2017},
  organization={IEEE}
}


@inproceedings{differentialflatness,
  title={Perception-aware trajectory generation for aggressive quadrotor flight using differential flatness},
  author={Murali, Varun and Spasojevic, Igor and Guerra, Winter and Karaman, Sertac},
  booktitle={2019 American Control Conference (ACC)},
  pages={3936--3943},
  year={2019},
  organization={IEEE}
}


@inproceedings{VS_MPC,
  title={Fast Model Predictive Image-Based Visual Servoing for Quadrotors},
  author={Roque, Pedro and Bin, Elisa and Miraldo, Pedro and Dimarogonas, Dimos V},
  booktitle={2020 IEEE/RSJ International Conference on Intelligent Robots and Systems (IROS)},
  pages={7566--7572},
  year={2020},
  organization={IEEE}
}


@inproceedings{falanga2018pampc,
  title={PAMPC: Perception-Aware Model Predictive Control for Quadrotors},
  author={Falanga, Davide and Foehn, Philipp and Lu, Peng and Scaramuzza, Davide},
  booktitle={2018 IEEE/RSJ International Conference on Intelligent Robots and Systems (IROS)},
  pages={1--8},
  year={2018},
  organization={IEEE}
}

@inproceedings{cinema,
  title={Detection-aware trajectory generation for a drone cinematographer},
  author={Jeon, Boseong Felipe and Shim, Dongsuk and Kim, H Jin},
  booktitle={2020 IEEE/RSJ International Conference on Intelligent Robots and Systems (IROS)},
  pages={1450--1457},
  year={2020},
  organization={IEEE}
}





@inproceedings{px4,
  title={PX4: A node-based multithreaded open source robotics framework for deeply embedded platforms},
  author={Meier, Lorenz and Honegger, Dominik and Pollefeys, Marc},
  booktitle={2015 IEEE international conference on robotics and automation (ICRA)},
  pages={6235--6240},
  year={2015},
  organization={IEEE}
}

@inproceedings{ROS,
  title={ROS: an open-source Robot Operating System},
  author={Quigley, Morgan and Conley, Ken and Gerkey, Brian and Faust, Josh and Foote, Tully and Leibs, Jeremy and Wheeler, Rob and Ng, Andrew Y and others},
  booktitle={ICRA workshop on open source software},
  volume={3},
  number={3.2},
  pages={5},
  year={2009},
  organization={Kobe, Japan}
}



@article{acado2,
  title={Autogenerating microsecond solvers for nonlinear MPC: a tutorial using ACADO integrators},
  author={Quirynen, Rien and Vukov, Milan and Zanon, Mario and Diehl, Moritz},
  journal={Optimal Control Applications and Methods},
  volume={36},
  number={5},
  pages={685--704},
  year={2015},
  publisher={Wiley Online Library}
}


@inproceedings{PCMPC,
  title={Pcmpc: Perception-constrained model predictive control for quadrotors with suspended loads using a single camera and imu},
  author={Li, Guanrui and Tunchez, Alex and Loianno, Giuseppe},
  booktitle={2021 IEEE International Conference on Robotics and Automation (ICRA)},
  pages={2012--2018},
  year={2021},
  organization={IEEE}
}


@article{qpoases,
  title={qpOASES: A parametric active-set algorithm for quadratic programming},
  author={Ferreau, Hans Joachim and Kirches, Christian and Potschka, Andreas and Bock, Hans Georg and Diehl, Moritz},
  journal={Mathematical Programming Computation},
  volume={6},
  number={4},
  pages={327--363},
  year={2014},
  publisher={Springer}
}

@inproceedings{quadplux,
  title={Receding Horizon-based Fault-tolerant Control of QuadPlus: an Over-actuated Quadrotor},
  author={Mehndiratta, Mohit and Singh, Karanjot and Kayacan, Erdal and Feroskhan, Mir},
  booktitle={2021 IEEE 17th International Conference on Automation Science and Engineering (CASE)},
  pages={853--859},
  year={2021},
  organization={IEEE}
}


@article{quat2,
  title={Quaternion Modeling and Control Approaches},
  author={Abaunza, Hernan and Castillo, P and Lozano, Rogelio},
  journal={Handbook of Unmanned Aerial Vehicles; Vachtsevanos, G., Ed.; Springer: Cham, Switzerland},
  pages={1--29},
  year={2018}
}

@article{quat1,
  title={Quaternions and dynamics},
  author={Graf, Basile},
  journal={arXiv preprint arXiv:0811.2889},
  year={2008}
}



@inproceedings{mpc_tune,
  title={Automated tuning of nonlinear model predictive controller by reinforcement learning},
  author={Mehndiratta, Mohit and Camci, Efe and Kayacan, Erdal},
  booktitle={2018 IEEE/RSJ International Conference on Intelligent Robots and Systems (IROS)},
  pages={3016--3021},
  year={2018},
  organization={IEEE}
}


@article{mpc_survey,
  title={Model predictive control in aerospace systems: Current state and opportunities},
  author={Eren, Utku and Prach, Anna and Ko{\c{c}}er, Ba{\c{s}}aran Bahad{\i}r and Rakovi{\'c}, Sa{\v{s}}a V and Kayacan, Erdal and A{\c{c}}{\i}kme{\c{s}}e, Beh{\c{c}}et},
  journal={Journal of Guidance, Control, and Dynamics},
  volume={40},
  number={7},
  pages={1541--1566},
  year={2017},
  publisher={American Institute of Aeronautics and Astronautics}
}


@inproceedings{gazebo,
  title={Design and use paradigms for gazebo, an open-source multi-robot simulator},
  author={Koenig, Nathan and Howard, Andrew},
  booktitle={2004 IEEE/RSJ International Conference on Intelligent Robots and Systems (IROS)(IEEE Cat. No. 04CH37566)},
  volume={3},
  pages={2149--2154},
  organization={IEEE}
}

@phdthesis{bouabdallah2007design,
  title={Design and control of quadrotors with application to autonomous flying},
  author={Bouabdallah, Samir},
  year={2007},
  type={{PhD} dissertation},
  school={EPFL}
}

@ARTICLE{lidar,
author={Car, Marko and Markovic, Lovro and Ivanovic, Antun and Orsag, Matko and Bogdan, Stjepan},
journal={IEEE Access}, 
title={Autonomous Wind-Turbine Blade Inspection Using LiDAR-Equipped Unmanned Aerial Vehicle}, 

  year={2020},

  volume={8},

  number={},

  pages={131380-131387},

  doi={10.1109/ACCESS.2020.3009738}}


@inproceedings{lidar2,
  title={Lidar assisted camera inspection of wind turbines: experimental study},
  author={Durdevic, Petar and Ortiz-Arroyo, Daniel and Yang, Zhenyu},
  booktitle={2019 1St International Conference on Electrical, Control and Instrumentation Engineering (ICECIE)},
  pages={1--7},
  year={2019},
  organization={IEEE}
}

@inproceedings{ICUAS2020,
  title={Autonomous wind turbine inspection using a quadrotor},
  author={Gu, Weibin and Hu, Dewen and Cheng, Liang and Cao, Yabing and Rizzo, Alessandro and Valavanis, Kimon P},
  booktitle={2020 International Conference on Unmanned Aircraft Systems (ICUAS)},
  pages={709--715},
  year={2020},
  organization={IEEE}
}


@article{rtab,
  title={RTAB-Map as an open-source lidar and visual simultaneous localization and mapping library for large-scale and long-term online operation},
  author={Labb{\'e}, Mathieu and Michaud, Fran{\c{c}}ois},
  journal={Journal of Field Robotics},
  volume={36},
  number={2},
  pages={416--446},
  year={2019},
  publisher={Wiley Online Library}
}

@book{pinhole,
  title={Computer vision: algorithms and applications},
  author={Szeliski, Richard},
  year={2010},
  publisher={Springer Science \& Business Media}
}


 @misc{x7, title={Zenmuse X7 - product information - DJI}, url={https://www.dji.com/dk/zenmuse-x7/info}, journal={DJI Official}} 
 
 @article{DIEHL2002577,
title = "Real-time optimization and nonlinear model predictive control of processes governed by differential-algebraic equations",
journal = "Journal of Process Control",
volume = "12",
number = "4",
pages = "577 - 585",
year = "2002",
issn = "0959-1524",
doi = "https://doi.org/10.1016/S0959-1524(01)00023-3",
author = "Moritz Diehl and H.Georg Bock and Johannes P. Schl{\"o}der and Rolf Findeisen and Zoltan Nagy and Frank Allg{\"o}wer"
}




@article{tilt,
  title={An MPC-based position controller for a tilt-rotor tricopter VTOL UAV},
  author={Prach, Anna and Kayacan, Erdal},
  journal={Optimal control applications and methods},
  volume={39},
  number={1},
  pages={343--356},
  year={2018},
  publisher={Wiley Online Library}
}


@inproceedings{mohit_fault_tolerant_c,
  title={Reconfigurable fault-tolerant nmpc for y6 coaxial tricopter with complete loss of one rotor},
  author={Mehndiratta, Mohit and Kayacan, Erdal},
  booktitle={2018 IEEE conference on control technology and applications (CCTA)},
  pages={774--780},
  year={2018},
  organization={IEEE}
}


@ARTICLE {rotors,
    author  = "Fadri Furrer and Michael Burri and Markus Achtelik and Roland Siegwart",
    title   = "Robot Operating System (ROS)",
    journal = "Studies Comp.Intelligence Volume Number:625",
    year    = "2016",
    volume  = "The Complete Reference (Volume 1)",
    number  = "978-3-319-26052-5",
    pages   = "Chapter 23",
    note    = "ISBN:978-3-319-26052-5"
}



@article{deepmodel_mohit,
  title={Can Deep Models Help a Robot to Tune Its Controller? A Step Closer to Self-Tuning Model Predictive Controllers},
  author={Mehndiratta, Mohit and Camci, Efe and Kayacan, Erdal},
  journal={Electronics},
  volume={10},
  number={18},
  pages={2187},
  year={2021},
  publisher={Multidisciplinary Digital Publishing Institute}
}


@incollection{mohit_3dprint,
  title={Learning-based fast nonlinear model predictive control for custom-made 3D printed ground and aerial robots},
  author={Mehndiratta, Mohit and Kayacan, Erkan and Patel, Siddharth and Kayacan, Erdal and Chowdhary, Girish},
  booktitle={Handbook of Model Predictive Control},
  pages={581--605},
  year={2019},
  publisher={Springer}
}


@article{pbvs,
  title={Autonomous Removing Foreign Objects for Power Transmission Line by Using a Vision-Guided Unmanned Aerial Manipulator},
  author={Li, Ling and Zhang, Tianlin and Zhong, Hang and Li, Hongwen and Zhang, Hui and Fan, Shaosheng and Cao, Yijia},
  journal={Journal of Intelligent \& Robotic Systems},
  volume={103},
  number={2},
  pages={1--14},
  year={2021},
  publisher={Springer}
}

@article{tractor,
  title={Learning in centralized nonlinear model predictive control: Application to an autonomous tractor-trailer system},
  author={Kayacan, Erkan and Kayacan, Erdal and Ramon, Herman and Saeys, Wouter},
  journal={IEEE Transactions on Control Systems Technology},
  volume={23},
  number={1},
  pages={197--205},
  year={2014},
  publisher={IEEE}
}



@inproceedings{micha,
  title={PredictiveSLAM-Robust Visual SLAM Through Trajectory-Aware Object Masking},
  author={Hei{\ss}, Micha and Hansen, Jakob Grimm and Li, Dengyun and Koz{\l}owski, Micha{\l} and Kayacan, Erdal},
  booktitle={2023 International Conference on Unmanned Aircraft Systems (ICUAS)},
  pages={1256--1261},
  year={2023},
  organization={IEEE}
}



@inproceedings{jakob,
  title={Vessel Inspection In-the-wild: Practical Planning in Large-scale Industrial Environments},
  author={Hansen, Jakob Grimm and Hei{\ss}, Micha and Li, Dengyun and Koz{\l}owski, Micha{\l} and Kayacan, Erdal},
  booktitle={2023 American Control Conference (ACC)},
  pages={812--817},
  year={2023},
  organization={IEEE}
}


@inproceedings{aruco,
  title={Uav trajectory evaluation in large industrial environments: A cost-effective solution},
  author={Hansen, Jakob Grimm and Hei{\ss}, Micha and Kozlowski, Michal and Kayacan, Erdal},
  booktitle={2022 European Control Conference (ECC)},
  pages={1336--1341},
  year={2022},
  organization={IEEE}
}



@article{kraus_mpc,
  title={Moving horizon estimation and nonlinear model predictive control for autonomous agricultural vehicles},
  author={Kraus, Tom and Ferreau, Hans Joachim and Kayacan, Erdal and Ramon, H and De Baerdemaeker, J and Diehl, M and Saeys, W},
  journal={Computers and electronics in agriculture},
  volume={98},
  pages={25--33},
  year={2013},
  publisher={Elsevier}
}


@inproceedings{arm_mpc,
  title={Redundancy resolution based trajectory generation for dual-arm aerial manipulators via online model predictive control},
  author={Imanberdiyev, Nursultan and Kayacan, Erdal},
  booktitle={IECON 2020 The 46th Annual Conference of the IEEE Industrial Electronics Society},
  pages={674--681},
  year={2020},
  organization={IEEE}
}