
@misc{unreal,
  title={Unreal Engine},
  author={Epic Games},
  howpublished={\url{https://www.unrealengine.com}},
  year={2019}
}

@inproceedings{airsim,
  title={Airsim: High-fidelity visual and physical simulation for autonomous vehicles},
  author={Shah, Shital and Dey, Debadeepta and Lovett, Chris and Kapoor, Ashish},
  booktitle={Field and service robotics},
  pages={621--635},
  year={2018},
  organization={Springer}
}


@article{dfki_survey,
  title={Recent advances in ai for navigation and control of underwater robots},
  author={Christensen, Leif and de Gea Fern{\'a}ndez, Jos{\'e} and Hildebrandt, Marc and Koch, Christian Ernst Siegfried and Wehbe, Bilal},
  journal={Current Robotics Reports},
  pages={1--11},
  year={2022},
  publisher={Springer}
}

@inproceedings{isaac,
  title={Gpu-accelerated robotic simulation for distributed reinforcement learning},
  author={Liang, Jacky and Makoviychuk, Viktor and Handa, Ankur and Chentanez, Nuttapong and Macklin, Miles and Fox, Dieter},
  booktitle={Conference on Robot Learning},
  pages={270--282},
  year={2018},
  organization={PMLR}
}



@inproceedings{uwsim,
  title={An open source tool for simulation and supervision of underwater intervention missions},
  author={Prats, Mario and Perez, Javier and Fernandez, J Javier and Sanz, Pedro J},
  booktitle={2012 IEEE/RSJ international conference on Intelligent Robots and Systems},
  pages={2577--2582},
  year={2012},
  organization={IEEE}
}


@article{survey,
  title={A review of physics simulators for robotic applications},
  author={Collins, Jack and Chand, Shelvin and Vanderkop, Anthony and Howard, David},
  journal={IEEE Access},
  volume={9},
  pages={51416--51431},
  year={2021},
  publisher={IEEE}
}

@inproceedings{dave,
  title={DAVE Aquatic Virtual Environment: Toward a general underwater robotics simulator},
  author={Zhang, Mabel M and Choi, Woen-Sug and Herman, Jessica and Davis, Duane and Vogt, Carson and McCarrin, Michael and Vijay, Yadunund and Dutia, Dharini and Lew, William and Peters, Steven and others},
  booktitle={2022 IEEE/OES Autonomous Underwater Vehicles Symposium (AUV)},
  pages={1--8},
  year={2022},
  organization={IEEE}
}



@inproceedings{holoocean,
  title={HoloOcean: An underwater robotics simulator},
  author={Potokar, Easton and Ashford, Spencer and Kaess, Michael and Mangelson, Joshua G},
  booktitle={2022 International Conference on Robotics and Automation (ICRA)},
  pages={3040--3046},
  year={2022},
  organization={IEEE}
}


@inproceedings{uuv,
  title={UUV simulator: A gazebo-based package for underwater intervention and multi-robot simulation},
  author={Manh{\~a}es, Musa Morena Marcusso and Scherer, Sebastian A and Voss, Martin and Douat, Luiz Ricardo and Rauschenbach, Thomas},
  booktitle={OCEANS 2016 MTS/IEEE Monterey},
  pages={1--8},
  year={2016},
  organization={IEEE}
}

@inproceedings{akkaynak2017space,
  title={What is the space of attenuation coefficients in underwater computer vision?},
  author={Akkaynak, Derya and Treibitz, Tali and Shlesinger, Tom and Loya, Yossi and Tamir, Raz and Iluz, David},
  booktitle={Proceedings of the IEEE Conference on Computer Vision and Pattern Recognition},
  pages={4931--4940},
  year={2017}
}


@inproceedings{marus,
  title={MARUS-a marine robotics simulator},
  author={Lon{\v{c}}ar, Ivan and Obradovi{\'c}, Juraj and Kra{\v{s}}evac, Natko and Mandi{\'c}, Luka and Kvasi{\'c}, Igor and Ferreira, Fausto and Slo{\v{s}}i{\'c}, Vladimir and Na{\dj}, {\DJ}ula and Mi{\v{s}}kovi{\'c}, Nikola},
  booktitle={OCEANS 2022, Hampton Roads},
  pages={1--7},
  year={2022},
  organization={IEEE}
}





@article{mpc_survey,
  title={Model predictive control in aerospace systems: Current state and opportunities},
  author={Eren, Utku and Prach, Anna and Ko{\c{c}}er, Ba{\c{s}}aran Bahad{\i}r and Rakovi{\'c}, Sa{\v{s}}a V and Kayacan, Erdal and A{\c{c}}{\i}kme{\c{s}}e, Beh{\c{c}}et},
  journal={Journal of Guidance, Control, and Dynamics},
  volume={40},
  number={7},
  pages={1541--1566},
  year={2017},
  publisher={American Institute of Aeronautics and Astronautics}
}


@article{halil,
  title={Sim-to-Real Deep Reinforcement Learning for Safe End-to-End Planning of Aerial Robots},
  author={Ugurlu, Halil Ibrahim and Pham, Xuan Huy and Kayacan, Erdal},
  journal={Robotics},
  volume={11},
  number={5},
  pages={109},
  year={2022},
  publisher={MDPI}
}


@book{fossen,
  title={Handbook of marine craft hydrodynamics and motion control},
  author={Fossen, Thor I},
  year={2011},
  publisher={John Wiley \& Sons}
}

@article{acado,
  title={ACADO toolkit—An open-source framework for automatic control and dynamic optimization},
  author={Houska, Boris and Ferreau, Hans Joachim and Diehl, Moritz},
  journal={Optimal Control Applications and Methods},
  volume={32},
  number={3},
  pages={298--312},
  year={2011},
  publisher={Wiley Online Library}
}

@inproceedings{ros,
  title={ROS: an open-source Robot Operating System},
  author={Quigley, Morgan and Conley, Ken and Gerkey, Brian and Faust, Josh and Foote, Tully and Leibs, Jeremy and Wheeler, Rob and Ng, Andrew Y and others},
  booktitle={ICRA workshop on open source software},
  volume={3},
  pages={5},
  year={2009},
  organization={Kobe, Japan}
}



@article{gym,
  title={Openai gym},
  author={Brockman, Greg and Cheung, Vicki and Pettersson, Ludwig and Schneider, Jonas and Schulman, John and Tang, Jie and Zaremba, Wojciech},
  journal={arXiv preprint arXiv:1606.01540},
  year={2016}
}


@inproceedings{px4,
  title={PX4: A node-based multithreaded open source robotics framework for deeply embedded platforms},
  author={Meier, Lorenz and Honegger, Dominik and Pollefeys, Marc},
  booktitle={2015 IEEE international conference on robotics and automation (ICRA)},
  pages={6235--6240},
  year={2015},
  organization={IEEE}
}

@inproceedings{stonefish,
  title={Stonefish: An advanced open-source simulation tool designed for marine robotics, with a ros interface},
  author={Cie{\'s}lak, Patryk},
  booktitle={OCEANS 2019-Marseille},
  pages={1--6},
  year={2019},
  organization={IEEE}
}


@inproceedings{ursim,
  title={Open source simulator for unmanned underwater vehicles using ROS and Unity3D},
  author={Katara, Pushkal and Khanna, Mukul and Nagar, Harshit and Panaiyappan, Annapurani},
  booktitle={2019 IEEE Underwater Technology (UT)},
  pages={1--7},
  year={2019},
  organization={IEEE}
}

@inproceedings{vSLAM:nagappa2013single,
  title={Single cluster PHD SLAM: Application to autonomous underwater vehicles using stereo vision},
  author={Nagappa, Sharad and Palomeras, Narc{\'\i}s and Lee, Chee Sing and Gracias, Nuno and Clark, Daniel E and Salvi, Joaquim},
  booktitle={2013 MTS/IEEE OCEANS-Bergen},
  pages={1--9},
  year={2013},
  organization={IEEE}
}

@article{vSLAM:trslic2020vision,
  title={Vision-based localization system suited to resident underwater vehicles},
  author={Trsli{\'c}, Petar and Weir, Anthony and Riordan, James and Omerdic, Edin and Toal, Daniel and Dooly, Gerard},
  journal={Sensors},
  volume={20},
  number={2},
  pages={529},
  year={2020},
  publisher={MDPI}
}

@article{vSLAM:eustice2008visually,
  title={Visually augmented navigation for autonomous underwater vehicles},
  author={Eustice, Ryan M and Pizarro, Oscar and Singh, Hanumant},
  journal={IEEE Journal of oceanic Engineering},
  volume={33},
  number={2},
  pages={103--122},
  year={2008},
  publisher={IEEE}
}

@article{vSLAM:orb3,
  title={Orb-slam3: An accurate open-source library for visual, visual--inertial, and multimap slam},
  author={Campos, Carlos and Elvira, Richard and Rodr{\'\i}guez, Juan J G{\'o}mez and Montiel, Jos{\'e} MM and Tard{\'o}s, Juan D},
  journal={IEEE Transactions on Robotics},
  volume={37},
  number={6},
  pages={1874--1890},
  year={2021},
  publisher={IEEE}
}

@inproceedings{vSLAM:tartanvo,
  title={Tartanvo: A generalizable learning-based vo},
  author={Wang, Wenshan and Hu, Yaoyu and Scherer, Sebastian},
  booktitle={Conference on Robot Learning},
  pages={1761--1772},
  year={2021},
  organization={PMLR}
}

@misc{vSLAM:evo,
  title={evo: Python package for the evaluation of odometry and SLAM.},
  author={Grupp, Michael},
  howpublished={\url{https://github.com/MichaelGrupp/evo}},
  year={2017}
}

@inproceedings{vSLAM:hectorSLAM,
  title={A flexible and scalable SLAM system with full 3D motion estimation},
  author={Kohlbrecher, Stefan and Von Stryk, Oskar and Meyer, Johannes and Klingauf, Uwe},
  booktitle={2011 IEEE international symposium on safety, security, and rescue robotics},
  pages={155--160},
  year={2011},
  organization={IEEE}
}


@inproceedings{vSLAM:moore2016robot_localizationROS,
  title={A generalized extended kalman filter implementation for the robot operating system},
  author={Moore, Thomas and Stouch, Daniel},
  booktitle={Intelligent Autonomous Systems 13: Proceedings of the 13th International Conference IAS-13},
  pages={335--348},
  year={2016},
  organization={Springer}
}

@inproceedings{vSLAM:sturm2012tumrgbd,
  title={A benchmark for the evaluation of RGB-D SLAM systems},
  author={Sturm, J{\"u}rgen and Engelhard, Nikolas and Endres, Felix and Burgard, Wolfram and Cremers, Daniel},
  booktitle={2012 IEEE/RSJ international conference on intelligent robots and systems},
  pages={573--580},
  year={2012},
  organization={IEEE}
}

@inproceedings{vSLAM:gmapping,
  title={Improving grid-based slam with rao-blackwellized particle filters by adaptive proposals and selective resampling},
  author={Grisetti, Giorgio and Stachniss, Cyrill and Burgard, Wolfram},
  booktitle={Proceedings of the 2005 IEEE international conference on robotics and automation},
  pages={2432--2437},
  year={2005},
  organization={IEEE}
}

@inproceedings{vSLAM:lidarreview,
  title={Review on LiDAR-based SLAM techniques},
  author={Huang, Leyao},
  booktitle={2021 International Conference on Signal Processing and Machine Learning (CONF-SPML)},
  pages={163--168},
  year={2021},
  organization={IEEE}
}

@inproceedings{vSLAM:hectorreview1,
  title={An improved hector SLAM algorithm based on information fusion for mobile robot},
  author={Yu, Naigong and Zhang, Bo},
  booktitle={2018 5th IEEE International conference on cloud computing and intelligence systems (CCIS)},
  pages={279--284},
  year={2018},
  organization={IEEE}
}

@inproceedings{vSLAM:hectorreview2,
  title={Orientation Correction for Hector SLAM at Starting Stage},
  author={Wei, Weichen and Shirinzadeh, Bijan and Esakkiappan, Shunmugasundar and Ghafarian, Mohammadali and Al-Jodah, Ammar},
  booktitle={2019 7th International Conference on Robot Intelligence Technology and Applications (RiTA)},
  pages={125--129},
  year={2019},
  organization={IEEE}
}

@inproceedings{vSLAM:gmappingreview1,
  title={A quantitative study of tuning ROS gmapping parameters and their effect on performing indoor 2D SLAM},
  author={Abdelrasoul, Yassin and Saman, Abu Bakar Sayuti HM and Sebastian, Patrick},
  booktitle={2016 2nd IEEE international symposium on robotics and manufacturing automation (ROMA)},
  pages={1--6},
  year={2016},
  organization={IEEE}
}
@inproceedings{vSLAM:gmappingreview2,
  title={Outdoor robot navigation using Gmapping based SLAM algorithm},
  author={Balasuriya, BLEA and Chathuranga, BAH and Jayasundara, BHMD and Napagoda, NRAC and Kumarawadu, SP and Chandima, DP and Jayasekara, AGBP},
  booktitle={2016 moratuwa engineering research conference (mercon)},
  pages={403--408},
  year={2016},
  organization={IEEE}
}

@article{vSLAM:resnet,
  title={Deep residual learningfor image recognition},
  author={He, Kaiming and Zhang, Xiangyu and Ren, Shaoqing and Sun, Jian},
  journal={CoRR, abs/1512},
  volume={3385},
  pages={2},
  year={2015}
}
@inproceedings{vSLAM:sun2018pwcnet,
  title={Pwc-net: Cnns for optical flow using pyramid, warping, and cost volume},
  author={Sun, Deqing and Yang, Xiaodong and Liu, Ming-Yu and Kautz, Jan},
  booktitle={Proceedings of the IEEE conference on computer vision and pattern recognition},
  pages={8934--8943},
  year={2018}
}

@article{dfki,
  title={Recent advances in ai for navigation and control of underwater robots},
  author={Christensen, Leif and de Gea Fern{\'a}ndez, Jos{\'e} and Hildebrandt, Marc and Koch, Christian Ernst Siegfried and Wehbe, Bilal},
  journal={Current Robotics Reports},
  pages={1--11},
  year={2022},
  publisher={Springer}
}


@article{applications,
  title={Underwater robots: a review of technologies and applications},
  author={Bogue, Robert},
  journal={Industrial Robot: An International Journal},
  year={2015},
  publisher={Emerald Group Publishing Limited}
}

@article{schulman2017proximal,
  title={Proximal policy optimization algorithms},
  author={Schulman, John and Wolski, Filip and Dhariwal, Prafulla and Radford, Alec and Klimov, Oleg},
  journal={arXiv preprint arXiv:1707.06347},
  year={2017}
}

@article{stable-baselines3,
  author  = {Antonin Raffin and Ashley Hill and Adam Gleave and Anssi Kanervisto and Maximilian Ernestus and Noah Dormann},
  title   = {Stable-Baselines3: Reliable Reinforcement Learning Implementations},
  journal = {Journal of Machine Learning Research},
  year    = {2021},
  volume  = {22},
  number  = {268},
  pages   = {1-8},
  url     = {http://jmlr.org/papers/v22/20-1364.html}
}

@article{bluerovmodel,
  title={Super-twisting integral sliding mode control for trajectory tracking of an Unmanned Underwater Vehicle},
  author={Manzanilla, Adrian and Ibarra, Efra{\'\i}n and Salazar, Sergio and Zamora, {\'A}ngel E and Lozano, Rogelio and Munoz, Filiberto},
  journal={Ocean Engineering},
  volume={234},
  pages={109164},
  year={2021},
  publisher={Elsevier}
}


@misc{byu_vtol,
  author = {BYU},
  title = {byu vtol},
  year = {2013},
  publisher = {GitHub},
  journal = {GitHub repository},
  howpublished = {\url{https://github.com/byu-magicc/vtol-AirSim}}
}

@inproceedings{opendr,
  title={Opendr: An open toolkit for enabling high performance, low footprint deep learning for robotics},
  author={Pedrazzi, S and Dias, D and Ferro, F and Green, O and Kayacan, E and others},
  booktitle={2022 IEEE/RSJ International Conference on Intelligent Robots and Systems (IROS)},
  pages={12479--12484},
  year={2022},
  organization={IEEE}
}


@misc{coles,
  author = {CodexLabsLLC},
  title = {Colosseum},
  year = {2013},
  publisher = {GitHub},
  journal = {GitHub repository},
  howpublished = {\url{https://github.com/CodexLabsLLC/Colosseum}}
}


@article{SNAME,
  title={Nomenclature for treating the motion of a submerged body through a fluid},
  author={SNAME, TheSocietyofNavalArchitectureandMarineEngineers},
  journal={The Society of Naval Architects and Marine Engineers, Technical and Research Bulletin},
  pages={1--5},
  year={1950}
}


@article{integration,
  title={A first course in differential equations for scientists and engineers},
  author={Herman, Russell},
  journal={Self-Published Book},
  year={2017}
}


@incollection{huy,
  title={Deep learning for vision-based navigation in autonomous drone racing},
  author={Pham, Huy Xuan and Ugurlu, Halil Ibrahim and Le Fevre, Jonas and Bardakci, Deniz and Kayacan, Erdal},
  booktitle={Deep learning for robot perception and cognition},
  pages={371--406},
  year={2022},
  publisher={Elsevier}
}


@inproceedings{DRL_erdal,
  title={Deep reinforcement learning for motion planning of quadrotors using raw depth images},
  author={Camci, Efe and Campolo, Domenico and Kayacan, Erdal},
  booktitle={2020 International Joint Conference on Neural Networks (IJCNN)},
  pages={1--7},
  year={2020},
  organization={IEEE}
}


@inproceedings{gatenet,
  title={Gatenet: An efficient deep neural network architecture for gate perception using fish-eye camera in autonomous drone racing},
  author={Pham, Huy Xuan and Bozcan, Ilker and Sarabakha, Andriy and Haddadin, Sami and Kayacan, Erdal},
  booktitle={2021 IEEE/RSJ International Conference on Intelligent Robots and Systems (IROS)},
  pages={4176--4183},
  year={2021},
  organization={IEEE}
}

@article{pencil,
  title={Pencilnet: Zero-shot sim-to-real transfer learning for robust gate perception in autonomous drone racing},
  author={Pham, Huy Xuan and Sarabakha, Andriy and Odnoshyvkin, Mykola and Kayacan, Erdal},
  journal={IEEE Robotics and Automation Letters},
  volume={7},
  number={4},
  pages={11847--11854},
  year={2022},
  publisher={IEEE}
}


@article{inspect,
  title={QuicaBot: Quality inspection and assessment robot},
  author={Yan, Rui-Jun and Kayacan, Erdal and Chen, I-Ming and Tiong, Lee Kong and Wu, Jing},
  journal={IEEE Transactions on Automation Science and Engineering},
  volume={16},
  number={2},
  pages={506--517},
  year={2018},
  publisher={IEEE}
}


@inproceedings{jonas,
  title={Safe vessel navigation visually aided by autonomous unmanned aerial vehicles in congested harbors and waterways},
  author={le Fevre Sejersen, Jonas and De Figueiredo, Rui Pimentel and Kayacan, Erdal},
  booktitle={2021 IEEE 17th International Conference on Automation Science and Engineering (CASE)},
  pages={1901--1907},
  year={2021},
  organization={IEEE}
}


@article{rice,
  title={An aerial robot for rice farm quality inspection with type-2 fuzzy neural networks tuned by particle swarm optimization-sliding mode control hybrid algorithm},
  author={Camci, Efe and Kripalani, Devesh Raju and Ma, Linlu and Kayacan, Erdal and Khanesar, Mojtaba Ahmadieh},
  journal={Swarm and evolutionary computation},
  volume={41},
  pages={1--8},
  year={2018},
  publisher={Elsevier}
}


@inproceedings{mohit,
  title={Gaussian process-based learning control of aerial robots for precise visualization of geological outcrops},
  author={Mehndiratta, Mohit and Kayacan, Erdal},
  booktitle={2020 European Control Conference (ECC)},
  pages={10--16},
  year={2020},
  organization={IEEE}
}

@article{loquercio2021learning,
  title={Learning high-speed flight in the wild},
  author={Loquercio, Antonio and Kaufmann, Elia and Ranftl, Ren{\'e} and M{\"u}ller, Matthias and Koltun, Vladlen and Scaramuzza, Davide},
  journal={Science Robotics},
  volume={6},
  number={59},
  pages={eabg5810},
  year={2021},
  publisher={American Association for the Advancement of Science}
}


@misc{ardu,
  title={SITL simulator (software in the loop)},
  author={Team, ArduPilot Dev},
  year={2016},
  publisher={ArduPilot}
}



@article{pypose,
  title={PyPose: A Library for Robot Learning with Physics-based Optimization},
  author={Wang, Chen and Gao, Dasong and Xu, Kuan and Geng, Junyi and Hu, Yaoyu and Qiu, Yuheng and Li, Bowen and Yang, Fan and Moon, Brady and Pandey, Abhinav and others},
  journal={arXiv preprint arXiv:2209.15428},
  year={2022}
}


@phdthesis{bluerov2_h,
  title={6-dof modelling and control of a remotely operated vehicle},
  author={Wu, Chu-Jou},
  year={2018},
  school={Flinders University, College of Science and Engineering.}
}

@article{mimir23,
  title={MIMIR-UW: A Multipurpose Synthetic Dataset for Underwater Navigation and Inspection},
  author={Álvarez-Tuñón, Olaya and Kanner, Hemanth and Ribeiro Marnet, Luiza and Xuy Pham, Huy and le Fevre Sejersen, Jonas and Brodskiy, Yury and Kayacan, Erdal},
  journal={2023 IEEE/RSJ International Conference on Intelligent Robots and Systems (IROS)},
  year={2023},
  organization={IEEE}
}




@inproceedings{schlick,
  title={A rendering algorithm for discrete volume density objects},
  author={Blasi, Philippe and Le Saec, Bertrand and Schlick, Christophe},
  booktitle={Computer Graphics Forum},
  volume={12},
  pages={201--210},
  year={1993},
  organization={Wiley Online Library}
}


@article{olaya,
  title={Generation and processing of simulated underwater images for infrastructure visual inspection with uuvs},
  author={{\'A}lvarez-Tu{\~n}{\'o}n, Olaya and Jard{\'o}n, Alberto and Balaguer, Carlos},
  journal={Sensors},
  volume={19},
  number={24},
  pages={5497},
  year={2019},
  publisher={MDPI}
}



@inproceedings{vessel_inspection,
  title={Vessel Inspection In-the-wild: Practical Planning in Large-scale Industrial Environments},
  author={Hansen, Jakob Grimm and Hei{\ss}, Micha and Li, Dengyun and Koz{\l}owski, Micha{\l} and Kayacan, Erdal},
  booktitle={2023 American Control Conference (ACC)},
  pages={812--817},
  year={2023},
  organization={IEEE}
}


@inproceedings{vessel_inspection,
  title={Vessel Inspection In-the-wild: Practical Planning in Large-scale Industrial Environments},
  author={Hansen, Jakob Grimm and Hei{\ss}, Micha and Li, Dengyun and Koz{\l}owski, Micha{\l} and Kayacan, Erdal},
  booktitle={2023 American Control Conference (ACC)},
  pages={812--817},
  year={2023},
  organization={IEEE}
}


@inproceedings{vessel_inspection,
  title={Vessel Inspection In-the-wild: Practical Planning in Large-scale Industrial Environments},
  author={Hansen, Jakob Grimm and Hei{\ss}, Micha and Li, Dengyun and Koz{\l}owski, Micha{\l} and Kayacan, Erdal},
  booktitle={2023 American Control Conference (ACC)},
  pages={812--817},
  year={2023},
  organization={IEEE}
}


@article{olaya_survey,
  title={Monocular visual simultaneous localization and mapping:(r) evolution from geometry to deep learning-based pipelines},
  author={{\'A}lvarez-Tu{\~n}{\'o}n, Olaya and Brodskiy, Yury and Kayacan, Erdal},
  journal={IEEE Transactions on Artificial Intelligence},
  year={2023},
  publisher={IEEE}
}